Time,Ask,Bid,AskVolume,BidVolume
05.11.2012 00:00:00.843,1.28232,1.28223,2.48,2.10
05.11.2012 00:00:01.438,1.28233,1.28225,1.73,1.50
05.11.2012 00:00:02.125,1.28234,1.28226,3.23,1.50
05.11.2012 00:00:02.183,1.28234,1.28226,3.23,1.50
05.11.2012 00:00:05.194,1.28233,1.28226,2.10,1.50
05.11.2012 00:00:06.044,1.28231,1.28225,2.10,1.50
05.11.2012 00:00:06.103,1.28231,1.28225,2.85,1.50
05.11.2012 00:00:07.414,1.28231,1.28225,2.85,1.50
05.11.2012 00:00:08.763,1.28231,1.28225,2.85,1.50
05.11.2012 00:00:08.943,1.28233,1.28225,1.35,1.50
05.11.2012 00:00:09.664,1.28233,1.28226,1.35,1.50
05.11.2012 00:00:10.166,1.28233,1.28225,1.35,1.50
05.11.2012 00:00:14.023,1.28233,1.28227,1.73,1.50
05.11.2012 00:00:14.083,1.28234,1.28227,1.88,2.48
05.11.2012 00:00:14.382,1.28237,1.28231,1.88,1.73
05.11.2012 00:00:14.565,1.28236,1.28229,1.35,1.50
05.11.2012 00:00:14.744,1.28235,1.28227,3.23,2.25
05.11.2012 00:00:15.283,1.28234,1.28227,1.35,1.50
05.11.2012 00:00:15.923,1.28234,1.28226,2.10,1.50
05.11.2012 00:00:22.313,1.28233,1.28226,2.10,1.50
05.11.2012 00:00:23.554,1.28233,1.28226,2.10,1.50
05.11.2012 00:00:25.774,1.28232,1.28220,1.73,1.13
05.11.2012 00:00:26.883,1.28233,1.28224,1.73,1.88
05.11.2012 00:00:27.823,1.28233,1.28224,1.73,2.63
05.11.2012 00:00:28.552,1.28232,1.28224,1.73,1.88
05.11.2012 00:00:31.563,1.28233,1.28224,1.73,2.63
05.11.2012 00:00:32.103,1.28234,1.28224,2.48,3.38
05.11.2012 00:00:36.084,1.28234,1.28224,1.73,2.25
05.11.2012 00:00:38.624,1.28233,1.28224,2.10,2.25
05.11.2012 00:00:38.934,1.28232,1.28224,2.48,1.50
05.11.2012 00:00:39.295,1.28234,1.28226,1.50,1.73
05.11.2012 00:00:39.654,1.28236,1.28231,1.50,1.73
05.11.2012 00:00:40.014,1.28239,1.28231,4.35,1.50
05.11.2012 00:00:40.074,1.28237,1.28228,1.73,2.75
05.11.2012 00:00:40.624,1.28238,1.28228,1.73,2.00
05.11.2012 00:00:42.504,1.28236,1.28229,1.73,1.50
05.11.2012 00:00:42.623,1.28237,1.28229,1.73,2.25
05.11.2012 00:00:42.744,1.28237,1.28229,1.73,2.25
05.11.2012 00:00:42.804,1.28238,1.28229,1.73,3.00
05.11.2012 00:00:42.865,1.28239,1.28231,2.10,1.73
05.11.2012 00:00:43.044,1.28239,1.28231,1.35,2.48
05.11.2012 00:00:46.014,1.28238,1.28230,1.50,2.48
05.11.2012 00:00:48.599,1.28238,1.28230,1.73,1.50
05.11.2012 00:00:48.743,1.28238,1.28229,2.25,4.73
05.11.2012 00:00:48.804,1.28237,1.28229,2.63,2.48
05.11.2012 00:00:48.924,1.28237,1.28230,1.50,2.10
05.11.2012 00:00:49.954,1.28237,1.28231,1.50,1.35
05.11.2012 00:00:50.465,1.28241,1.28232,2.48,1.50
05.11.2012 00:00:50.994,1.28242,1.28232,5.96,2.25
05.11.2012 00:00:53.414,1.28241,1.28232,1.73,1.88
05.11.2012 00:00:54.114,1.28240,1.28232,1.73,1.88
05.11.2012 00:00:58.234,1.28243,1.28236,3.98,1.50
05.11.2012 00:00:58.294,1.28243,1.28236,1.73,1.50
05.11.2012 00:00:58.420,1.28245,1.28237,1.50,1.50
05.11.2012 00:00:58.545,1.28245,1.28240,1.50,1.13
05.11.2012 00:00:59.104,1.28249,1.28241,2.48,1.50
05.11.2012 00:00:59.224,1.28249,1.28240,2.48,1.13
05.11.2012 00:00:59.404,1.28249,1.28240,2.48,1.13
05.11.2012 00:00:59.764,1.28249,1.28242,1.73,1.13
05.11.2012 00:00:59.824,1.28250,1.28242,2.48,1.13
05.11.2012 00:01:00.184,1.28252,1.28242,1.73,1.35
05.11.2012 00:01:00.689,1.28254,1.28243,1.73,1.50
05.11.2012 00:01:01.844,1.28252,1.28243,1.73,1.13
05.11.2012 00:01:02.695,1.28252,1.28244,1.73,1.13
05.11.2012 00:01:02.934,1.28252,1.28245,1.50,1.73
05.11.2012 00:01:03.057,1.28255,1.28247,1.73,1.50
05.11.2012 00:01:03.594,1.28256,1.28247,1.73,1.73
05.11.2012 00:01:04.105,1.28257,1.28249,2.48,1.13
05.11.2012 00:01:06.155,1.28257,1.28249,2.48,2.25
05.11.2012 00:01:06.715,1.28258,1.28250,2.48,1.50
05.11.2012 00:01:07.515,1.28254,1.28249,1.50,2.25
05.11.2012 00:01:07.964,1.28253,1.28249,1.50,1.50
05.11.2012 00:01:08.032,1.28253,1.28245,1.73,1.13
05.11.2012 00:01:08.615,1.28253,1.28243,2.48,2.25
05.11.2012 00:01:09.864,1.28254,1.28245,1.73,3.00
05.11.2012 00:01:10.167,1.28258,1.28250,4.46,1.50
05.11.2012 00:01:10.225,1.28258,1.28250,1.50,1.50
05.11.2012 00:01:10.346,1.28263,1.28251,1.50,1.50
05.11.2012 00:01:11.104,1.28258,1.28250,1.50,3.00
05.11.2012 00:01:12.335,1.28256,1.28250,2.25,1.50
05.11.2012 00:01:15.877,1.28256,1.28247,2.63,2.25
05.11.2012 00:01:17.755,1.28254,1.28246,2.25,1.50
05.11.2012 00:01:18.175,1.28252,1.28244,3.23,2.63
05.11.2012 00:01:18.296,1.28251,1.28244,1.73,1.88
05.11.2012 00:01:18.355,1.28250,1.28244,1.73,1.88
05.11.2012 00:01:19.294,1.28252,1.28244,1.73,1.88
05.11.2012 00:01:19.844,1.28253,1.28244,2.48,1.88
05.11.2012 00:01:20.355,1.28252,1.28244,1.73,1.88
05.11.2012 00:01:20.784,1.28252,1.28244,2.48,1.13
05.11.2012 00:01:27.504,1.28252,1.28244,2.48,1.13
05.11.2012 00:01:29.164,1.28252,1.28244,1.73,1.13
05.11.2012 00:01:30.264,1.28252,1.28243,1.73,2.25
05.11.2012 00:01:32.554,1.28253,1.28245,1.73,1.50
05.11.2012 00:01:34.974,1.28253,1.28244,2.48,1.13
05.11.2012 00:01:38.014,1.28254,1.28246,1.73,2.25
05.11.2012 00:01:39.534,1.28253,1.28245,1.73,1.88
05.11.2012 00:01:47.363,1.28254,1.28245,2.48,1.88
05.11.2012 00:01:51.727,1.28254,1.28245,2.48,1.88
05.11.2012 00:01:54.076,1.28252,1.28245,1.73,1.50
05.11.2012 00:02:01.229,1.28252,1.28245,2.25,1.50
05.11.2012 00:02:01.833,1.28252,1.28245,2.48,1.50
05.11.2012 00:02:07.274,1.28254,1.28246,2.48,1.50
05.11.2012 00:02:07.335,1.28254,1.28247,1.73,1.50
05.11.2012 00:02:07.874,1.28254,1.28246,1.73,2.25
05.11.2012 00:02:08.144,1.28255,1.28246,1.50,2.25
05.11.2012 00:02:08.205,1.28254,1.28246,1.73,2.25
05.11.2012 00:02:08.448,1.28256,1.28248,5.25,1.50
05.11.2012 00:02:08.515,1.28256,1.28248,2.48,1.50
05.11.2012 00:02:09.034,1.28257,1.28249,1.73,1.50
05.11.2012 00:02:10.504,1.28257,1.28249,1.73,1.50
05.11.2012 00:02:10.805,1.28258,1.28253,3.71,1.50
05.11.2012 00:02:11.045,1.28261,1.28253,1.73,2.48
05.11.2012 00:02:12.191,1.28264,1.28256,3.23,1.88
05.11.2012 00:02:12.515,1.28264,1.28256,3.00,1.88
05.11.2012 00:02:16.714,1.28264,1.28256,3.23,1.88
05.11.2012 00:02:18.126,1.28264,1.28256,3.23,1.88
05.11.2012 00:02:22.395,1.28264,1.28256,4.46,2.63
05.11.2012 00:02:22.934,1.28264,1.28254,5.96,1.50
05.11.2012 00:02:24.504,1.28263,1.28254,1.73,1.50
05.11.2012 00:02:24.865,1.28263,1.28254,2.48,2.25
05.11.2012 00:02:25.174,1.28263,1.28254,3.23,1.50
05.11.2012 00:02:25.484,1.28263,1.28254,2.48,1.50
05.11.2012 00:02:25.595,1.28263,1.28254,2.48,1.50
05.11.2012 00:02:27.185,1.28263,1.28254,2.48,1.88
05.11.2012 00:02:32.564,1.28263,1.28254,2.48,1.50
05.11.2012 00:02:32.926,1.28259,1.28251,2.63,2.48
05.11.2012 00:02:33.285,1.28256,1.28248,1.73,3.00
05.11.2012 00:02:33.409,1.28256,1.28248,2.48,2.25
05.11.2012 00:02:33.901,1.28254,1.28245,1.73,1.13
05.11.2012 00:02:42.035,1.28255,1.28245,3.23,1.88
05.11.2012 00:02:42.216,1.28257,1.28250,2.25,1.73
05.11.2012 00:02:42.285,1.28257,1.28250,1.50,1.73
05.11.2012 00:02:42.645,1.28261,1.28255,1.50,1.50
05.11.2012 00:02:42.705,1.28262,1.28255,2.48,1.50
05.11.2012 00:02:42.826,1.28262,1.28257,1.73,1.50
05.11.2012 00:02:43.187,1.28266,1.28258,1.73,3.00
05.11.2012 00:02:44.035,1.28268,1.28260,1.35,2.25
05.11.2012 00:02:44.154,1.28268,1.28261,1.35,1.50
05.11.2012 00:02:44.277,1.28268,1.28261,2.10,1.50
05.11.2012 00:02:50.285,1.28269,1.28260,2.48,1.50
05.11.2012 00:02:50.824,1.28265,1.28256,1.50,1.35
05.11.2012 00:02:51.245,1.28263,1.28254,1.73,1.88
05.11.2012 00:02:51.795,1.28263,1.28254,2.48,1.13
05.11.2012 00:02:53.194,1.28261,1.28254,1.73,1.13
05.11.2012 00:02:55.084,1.28261,1.28252,2.48,2.85
05.11.2012 00:02:58.800,1.28260,1.28252,1.50,2.10
05.11.2012 00:02:58.995,1.28258,1.28250,2.25,3.38
05.11.2012 00:02:59.236,1.28255,1.28249,2.48,1.65
05.11.2012 00:02:59.357,1.28255,1.28247,2.48,1.65
05.11.2012 00:02:59.656,1.28253,1.28246,1.09,1.13
05.11.2012 00:02:59.895,1.28251,1.28242,2.48,2.75
05.11.2012 00:03:00.385,1.28252,1.28244,1.73,1.50
05.11.2012 00:03:00.686,1.28255,1.28248,1.73,1.50
05.11.2012 00:03:00.995,1.28258,1.28250,1.50,3.50
05.11.2012 00:03:01.364,1.28262,1.28252,1.73,2.10
05.11.2012 00:03:02.064,1.28262,1.28252,1.73,2.10
05.11.2012 00:03:02.604,1.28262,1.28252,1.73,2.85
05.11.2012 00:03:04.065,1.28262,1.28252,1.73,2.85
05.11.2012 00:03:04.986,1.28262,1.28252,1.73,2.00
05.11.2012 00:03:05.105,1.28262,1.28252,1.50,2.75
05.11.2012 00:03:05.237,1.28264,1.28255,2.85,1.73
05.11.2012 00:03:05.775,1.28264,1.28255,2.10,1.73
05.11.2012 00:03:06.523,1.28264,1.28255,1.73,1.73
05.11.2012 00:03:08.275,1.28265,1.28257,2.48,1.50
05.11.2012 00:03:08.635,1.28269,1.28262,2.33,1.73
05.11.2012 00:03:08.755,1.28269,1.28262,1.50,1.73
05.11.2012 00:03:08.815,1.28272,1.28262,2.48,2.48
05.11.2012 00:03:09.125,1.28273,1.28266,1.35,1.50
05.11.2012 00:03:09.485,1.28277,1.28270,1.13,1.73
05.11.2012 00:03:09.545,1.28277,1.28272,1.50,1.73
05.11.2012 00:03:09.727,1.28282,1.28274,1.13,1.73
05.11.2012 00:03:09.786,1.28282,1.28274,1.88,1.73
05.11.2012 00:03:10.839,1.28283,1.28274,1.35,1.73
05.11.2012 00:03:11.325,1.28282,1.28272,1.35,1.73
05.11.2012 00:03:12.025,1.28281,1.28271,2.48,1.25
05.11.2012 00:03:13.516,1.28279,1.28270,1.73,2.75
05.11.2012 00:03:13.754,1.28279,1.28270,2.48,2.48
05.11.2012 00:03:15.128,1.28275,1.28268,2.25,2.25
05.11.2012 00:03:15.315,1.28276,1.28267,2.59,1.50
05.11.2012 00:03:15.864,1.28271,1.28265,1.50,1.35
05.11.2012 00:03:15.925,1.28271,1.28265,1.50,1.35
05.11.2012 00:03:16.466,1.28273,1.28266,1.84,2.25
05.11.2012 00:03:16.933,1.28273,1.28265,1.84,1.73
05.11.2012 00:03:17.394,1.28275,1.28267,3.98,1.50
05.11.2012 00:03:18.265,1.28275,1.28267,2.48,1.50
05.11.2012 00:03:18.384,1.28275,1.28267,2.48,1.50
05.11.2012 00:03:22.864,1.28273,1.28264,1.73,2.48
05.11.2012 00:03:29.796,1.28272,1.28263,2.85,2.00
05.11.2012 00:03:30.046,1.28271,1.28262,1.73,2.48
05.11.2012 00:03:30.225,1.28271,1.28261,1.73,1.73
05.11.2012 00:03:35.324,1.28270,1.28262,1.73,1.35
05.11.2012 00:03:35.384,1.28271,1.28262,2.48,1.35
05.11.2012 00:03:36.657,1.28272,1.28264,1.73,1.50
05.11.2012 00:03:36.775,1.28274,1.28265,1.80,1.03
05.11.2012 00:03:37.134,1.28277,1.28272,2.25,3.08
05.11.2012 00:03:37.314,1.28281,1.28271,3.23,3.08
05.11.2012 00:03:37.815,1.28281,1.28271,2.48,3.08
05.11.2012 00:03:38.334,1.28280,1.28271,1.73,3.98
05.11.2012 00:03:40.535,1.28280,1.28271,2.48,1.73
05.11.2012 00:03:40.716,1.28278,1.28270,3.00,1.50
05.11.2012 00:03:40.835,1.28276,1.28269,1.50,1.73
05.11.2012 00:03:41.016,1.28274,1.28268,1.73,1.50
05.11.2012 00:03:41.136,1.28274,1.28266,2.48,1.50
05.11.2012 00:03:41.195,1.28274,1.28265,2.48,1.88
05.11.2012 00:03:41.315,1.28274,1.28265,2.48,2.63
05.11.2012 00:03:41.435,1.28274,1.28266,1.50,1.73
05.11.2012 00:03:41.554,1.28277,1.28267,2.48,1.73
05.11.2012 00:03:42.096,1.28277,1.28266,2.48,2.48
05.11.2012 00:03:44.246,1.28277,1.28269,1.73,1.13
05.11.2012 00:03:44.607,1.28278,1.28272,1.73,3.00
05.11.2012 00:03:45.024,1.28283,1.28274,2.48,1.50
05.11.2012 00:03:45.327,1.28283,1.28274,2.48,1.50
05.11.2012 00:03:48.658,1.28282,1.28274,1.50,3.83
05.11.2012 00:03:49.335,1.28284,1.28274,1.73,4.58
05.11.2012 00:03:49.845,1.28283,1.28274,1.73,4.58
05.11.2012 00:03:52.575,1.28283,1.28274,1.73,5.33
05.11.2012 00:03:53.454,1.28281,1.28274,1.73,1.88
05.11.2012 00:03:53.695,1.28283,1.28276,3.23,1.50
05.11.2012 00:04:01.782,1.28281,1.28273,1.73,2.63
05.11.2012 00:04:03.277,1.28282,1.28277,2.48,2.10
05.11.2012 00:04:03.578,1.28288,1.28282,1.50,5.38
05.11.2012 00:04:04.132,1.28289,1.28284,1.50,1.35
05.11.2012 00:04:04.196,1.28290,1.28284,1.50,2.85
05.11.2012 00:04:04.316,1.28292,1.28284,1.50,2.85
05.11.2012 00:04:04.734,1.28291,1.28284,2.25,1.35
05.11.2012 00:04:04.916,1.28291,1.28282,1.50,4.48
05.11.2012 00:04:06.816,1.28288,1.28282,2.25,3.35
05.11.2012 00:04:06.875,1.28288,1.28278,3.87,2.25
05.11.2012 00:04:06.937,1.28288,1.28279,3.87,1.25
05.11.2012 00:04:07.248,1.28282,1.28275,2.48,1.13
05.11.2012 00:04:07.795,1.28282,1.28274,2.48,1.88
05.11.2012 00:04:09.956,1.28279,1.28274,1.62,1.13
05.11.2012 00:04:10.196,1.28276,1.28269,1.73,1.50
05.11.2012 00:04:10.435,1.28277,1.28269,1.73,2.25
05.11.2012 00:04:10.735,1.28276,1.28268,2.48,1.73
05.11.2012 00:04:10.795,1.28276,1.28268,2.48,3.50
05.11.2012 00:04:11.035,1.28275,1.28268,3.45,1.50
05.11.2012 00:04:11.336,1.28274,1.28267,2.48,1.78
05.11.2012 00:04:11.396,1.28272,1.28264,1.73,3.90
05.11.2012 00:04:11.934,1.28272,1.28264,2.48,3.00
05.11.2012 00:04:19.856,1.28273,1.28264,1.73,1.50
05.11.2012 00:04:19.928,1.28275,1.28268,3.23,1.50
05.11.2012 00:04:20.066,1.28275,1.28270,1.73,3.00
05.11.2012 00:04:20.125,1.28275,1.28270,1.73,4.50
05.11.2012 00:04:20.365,1.28278,1.28272,1.50,1.50
05.11.2012 00:04:20.605,1.28280,1.28273,1.88,1.50
05.11.2012 00:04:21.145,1.28279,1.28273,1.50,1.88
05.11.2012 00:04:21.675,1.28281,1.28273,2.25,1.88
05.11.2012 00:04:22.235,1.28282,1.28273,1.73,2.63
05.11.2012 00:04:23.085,1.28282,1.28273,2.48,2.63
05.11.2012 00:04:23.207,1.28281,1.28272,2.25,3.60
05.11.2012 00:04:23.839,1.28281,1.28272,2.25,3.23
05.11.2012 00:04:24.507,1.28278,1.28271,1.50,1.78
05.11.2012 00:04:24.815,1.28278,1.28270,1.50,3.23
05.11.2012 00:04:24.937,1.28279,1.28270,1.73,3.75
05.11.2012 00:04:25.056,1.28281,1.28272,2.48,1.50
05.11.2012 00:04:25.355,1.28281,1.28272,1.50,4.10
05.11.2012 00:04:27.795,1.28281,1.28272,1.50,2.70
05.11.2012 00:04:27.855,1.28280,1.28272,1.50,1.95
05.11.2012 00:04:27.975,1.28278,1.28272,1.50,2.33
05.11.2012 00:04:28.155,1.28275,1.28268,1.50,2.48
05.11.2012 00:04:28.275,1.28275,1.28268,1.73,3.00
05.11.2012 00:04:28.456,1.28275,1.28268,1.73,1.50
05.11.2012 00:04:28.515,1.28273,1.28266,1.50,2.48
05.11.2012 00:04:29.054,1.28272,1.28265,1.73,1.03
05.11.2012 00:04:32.755,1.28271,1.28264,1.50,1.50
05.11.2012 00:04:38.995,1.28271,1.28264,1.50,1.50
05.11.2012 00:04:39.547,1.28269,1.28263,1.50,1.03
05.11.2012 00:04:39.855,1.28269,1.28262,2.48,1.13
05.11.2012 00:04:42.304,1.28270,1.28262,1.73,1.13
05.11.2012 00:04:45.007,1.28269,1.28261,2.48,3.50
05.11.2012 00:04:45.365,1.28269,1.28261,1.58,1.73
05.11.2012 00:04:45.545,1.28269,1.28262,1.73,1.50
05.11.2012 00:04:45.615,1.28270,1.28262,1.73,2.25
05.11.2012 00:04:45.916,1.28273,1.28264,4.20,1.50
05.11.2012 00:04:45.976,1.28273,1.28264,3.45,2.25
05.11.2012 00:04:54.785,1.28272,1.28264,2.48,2.25
05.11.2012 00:04:59.121,1.28270,1.28264,2.40,1.50
05.11.2012 00:04:59.545,1.28269,1.28261,1.73,1.35
05.11.2012 00:04:59.724,1.28269,1.28260,2.48,3.13
05.11.2012 00:05:00.436,1.28269,1.28261,2.48,1.35
05.11.2012 00:05:00.741,1.28273,1.28264,2.48,2.25
05.11.2012 00:05:00.806,1.28273,1.28264,2.48,3.00
05.11.2012 00:05:21.295,1.28273,1.28265,2.48,1.50
05.11.2012 00:05:30.775,1.28273,1.28265,2.48,1.50
05.11.2012 00:05:32.855,1.28273,1.28265,2.48,1.50
05.11.2012 00:05:33.775,1.28273,1.28265,2.48,1.50
05.11.2012 00:05:37.396,1.28273,1.28266,1.73,1.50
05.11.2012 00:05:38.267,1.28273,1.28265,1.73,2.25
05.11.2012 00:05:39.084,1.28273,1.28266,1.73,1.50
05.11.2012 00:05:39.444,1.28273,1.28265,1.73,1.50
05.11.2012 00:05:50.606,1.28271,1.28264,1.73,1.13
05.11.2012 00:05:51.164,1.28270,1.28264,1.73,1.13
05.11.2012 00:05:51.616,1.28270,1.28263,1.73,1.13
05.11.2012 00:05:51.977,1.28266,1.28255,8.18,3.00
05.11.2012 00:05:52.477,1.28262,1.28255,3.42,1.50
05.11.2012 00:05:53.017,1.28260,1.28255,1.73,2.25
05.11.2012 00:05:58.349,1.28258,1.28252,2.25,2.25
05.11.2012 00:05:58.736,1.28256,1.28248,2.59,1.25
05.11.2012 00:05:58.796,1.28254,1.28249,1.73,3.75
05.11.2012 00:05:59.391,1.28251,1.28246,1.84,3.75
05.11.2012 00:06:00.758,1.28249,1.28242,1.73,2.85
05.11.2012 00:06:06.254,1.28249,1.28240,2.48,2.48
05.11.2012 00:06:06.814,1.28248,1.28239,2.25,1.73
05.11.2012 00:06:11.586,1.28246,1.28238,2.25,4.10
05.11.2012 00:06:12.065,1.28244,1.28238,1.50,2.60
05.11.2012 00:06:12.605,1.28243,1.28237,2.25,1.10
05.11.2012 00:06:12.724,1.28242,1.28234,1.50,1.29
05.11.2012 00:06:13.265,1.28240,1.28233,1.50,2.60
05.11.2012 00:06:13.332,1.28240,1.28233,1.50,1.25
05.11.2012 00:06:13.868,1.28241,1.28233,1.73,1.25
05.11.2012 00:06:14.115,1.28238,1.28227,1.50,1.25
05.11.2012 00:06:18.394,1.28238,1.28231,1.50,3.35
05.11.2012 00:06:29.057,1.28234,1.28228,1.09,1.73
05.11.2012 00:06:29.189,1.28234,1.28222,1.62,3.35
05.11.2012 00:06:29.256,1.28233,1.28224,1.73,2.10
05.11.2012 00:06:29.794,1.28234,1.28224,1.13,1.50
05.11.2012 00:06:31.064,1.28233,1.28224,1.73,1.50
05.11.2012 00:06:31.665,1.28234,1.28226,1.88,1.50
05.11.2012 00:06:32.213,1.28234,1.28226,1.50,1.50
05.11.2012 00:06:32.545,1.28236,1.28230,1.73,1.50
05.11.2012 00:06:32.785,1.28238,1.28231,1.50,2.10
05.11.2012 00:06:32.965,1.28239,1.28235,1.50,2.10
05.11.2012 00:06:33.085,1.28241,1.28235,1.73,2.10
05.11.2012 00:06:33.264,1.28244,1.28235,1.88,3.83
05.11.2012 00:06:33.814,1.28244,1.28235,1.88,3.83
05.11.2012 00:06:34.155,1.28244,1.28235,1.73,3.08
05.11.2012 00:06:34.214,1.28244,1.28235,1.73,2.85
05.11.2012 00:06:34.575,1.28245,1.28236,2.48,1.50
05.11.2012 00:06:34.695,1.28245,1.28237,1.73,1.50
05.11.2012 00:06:34.996,1.28245,1.28237,1.73,2.10
05.11.2012 00:06:35.234,1.28245,1.28239,1.73,1.50
05.11.2012 00:06:35.355,1.28249,1.28242,2.70,3.83
05.11.2012 00:06:36.054,1.28251,1.28242,1.50,4.10
05.11.2012 00:06:37.084,1.28249,1.28242,1.50,3.35
05.11.2012 00:06:37.386,1.28247,1.28238,2.48,1.73
05.11.2012 00:06:37.744,1.28245,1.28236,1.73,3.50
05.11.2012 00:06:37.985,1.28243,1.28236,1.58,1.73
05.11.2012 00:06:38.534,1.28242,1.28234,1.05,2.40
05.11.2012 00:06:44.827,1.28242,1.28234,1.80,1.50
05.11.2012 00:06:49.744,1.28243,1.28236,1.05,1.50
05.11.2012 00:06:49.863,1.28242,1.28234,1.05,2.25
05.11.2012 00:06:50.359,1.28245,1.28236,1.73,1.73
05.11.2012 00:06:52.455,1.28244,1.28235,1.73,3.35
05.11.2012 00:06:53.007,1.28244,1.28235,2.48,3.35
05.11.2012 00:06:54.185,1.28244,1.28236,1.73,1.73
05.11.2012 00:06:56.134,1.28243,1.28235,1.50,3.35
05.11.2012 00:06:57.505,1.28244,1.28236,1.73,2.00
05.11.2012 00:06:57.565,1.28246,1.28239,1.24,1.50
05.11.2012 00:06:57.924,1.28249,1.28242,1.73,2.85
05.11.2012 00:06:58.164,1.28252,1.28244,1.73,1.50
05.11.2012 00:07:00.854,1.28251,1.28242,1.73,3.60
05.11.2012 00:07:02.316,1.28251,1.28242,3.23,3.60
05.11.2012 00:07:06.974,1.28248,1.28239,1.50,4.10
05.11.2012 00:07:07.035,1.28244,1.28239,1.50,3.13
05.11.2012 00:07:07.216,1.28246,1.28235,1.62,1.03
05.11.2012 00:07:07.335,1.28243,1.28232,1.73,1.33
05.11.2012 00:07:07.695,1.28242,1.28231,1.84,3.35
05.11.2012 00:07:07.755,1.28240,1.28231,1.73,3.35
05.11.2012 00:07:08.314,1.28239,1.28230,1.73,1.10
05.11.2012 00:07:12.980,1.28241,1.28231,1.73,1.25
05.11.2012 00:07:19.124,1.28242,1.28235,1.88,1.50
05.11.2012 00:07:19.493,1.28241,1.28232,1.73,1.50
05.11.2012 00:07:23.876,1.28242,1.28234,1.73,1.50
05.11.2012 00:07:29.306,1.28243,1.28234,4.73,2.25
05.11.2012 00:07:29.366,1.28244,1.28236,1.05,1.50
05.11.2012 00:07:29.605,1.28245,1.28236,1.73,1.50
05.11.2012 00:07:29.726,1.28245,1.28236,1.73,1.50
05.11.2012 00:07:30.275,1.28243,1.28236,1.73,1.50
05.11.2012 00:07:33.726,1.28242,1.28233,2.48,2.25
05.11.2012 00:07:33.970,1.28242,1.28233,2.48,1.73
05.11.2012 00:07:34.095,1.28243,1.28234,2.48,2.25
05.11.2012 00:07:37.274,1.28244,1.28237,1.50,1.50
05.11.2012 00:07:37.455,1.28246,1.28240,2.25,1.73
05.11.2012 00:07:37.515,1.28248,1.28243,1.50,1.50
05.11.2012 00:07:37.575,1.28252,1.28243,2.48,1.50
05.11.2012 00:07:37.635,1.28251,1.28241,1.73,2.48
05.11.2012 00:07:37.815,1.28251,1.28241,1.73,1.50
05.11.2012 00:07:38.174,1.28251,1.28240,2.48,2.48
05.11.2012 00:07:38.875,1.28251,1.28240,2.48,2.48
05.11.2012 00:07:43.676,1.28250,1.28241,1.73,1.25
05.11.2012 00:07:45.467,1.28245,1.28241,1.50,1.25
05.11.2012 00:07:45.646,1.28243,1.28236,1.73,1.50
05.11.2012 00:07:45.706,1.28243,1.28236,4.09,1.50
05.11.2012 00:07:46.124,1.28239,1.28231,1.73,1.25
05.11.2012 00:07:46.305,1.28237,1.28231,1.50,1.25
05.11.2012 00:07:46.425,1.28236,1.28227,3.23,3.13
05.11.2012 00:07:47.105,1.28234,1.28226,1.73,1.25
05.11.2012 00:07:47.224,1.28234,1.28225,2.48,2.75
05.11.2012 00:07:47.703,1.28234,1.28226,1.73,1.25
05.11.2012 00:07:48.265,1.28236,1.28227,2.48,1.50
05.11.2012 00:07:55.335,1.28235,1.28226,2.48,1.73
05.11.2012 00:07:55.454,1.28235,1.28226,2.48,1.50
05.11.2012 00:07:55.646,1.28236,1.28227,3.98,2.25
05.11.2012 00:07:56.066,1.28236,1.28227,1.73,2.48
05.11.2012 00:07:56.126,1.28236,1.28229,1.50,3.83
05.11.2012 00:07:56.485,1.28242,1.28234,3.71,1.50
05.11.2012 00:07:57.111,1.28243,1.28234,1.73,2.25
05.11.2012 00:07:58.825,1.28245,1.28236,3.23,1.50
05.11.2012 00:08:06.944,1.28245,1.28236,1.73,1.50
05.11.2012 00:08:07.127,1.28247,1.28238,1.80,2.10
05.11.2012 00:08:07.196,1.28249,1.28242,4.46,1.50
05.11.2012 00:08:07.257,1.28249,1.28242,4.46,1.50
05.11.2012 00:08:07.378,1.28250,1.28243,1.73,1.50
05.11.2012 00:08:07.685,1.28252,1.28245,1.73,1.50
05.11.2012 00:08:07.809,1.28254,1.28248,2.48,1.50
05.11.2012 00:08:07.875,1.28256,1.28248,2.25,1.50
05.11.2012 00:08:08.245,1.28258,1.28254,3.15,1.50
05.11.2012 00:08:08.705,1.28259,1.28254,2.25,1.50
05.11.2012 00:08:08.775,1.28262,1.28254,1.73,1.50
05.11.2012 00:08:09.376,1.28259,1.28249,3.98,1.50
05.11.2012 00:08:09.436,1.28257,1.28251,1.65,1.50
05.11.2012 00:08:09.555,1.28254,1.28247,1.80,1.88
05.11.2012 00:08:09.690,1.28252,1.28246,1.05,1.28
05.11.2012 00:08:10.055,1.28251,1.28243,1.73,1.50
05.11.2012 00:08:10.674,1.28252,1.28244,1.73,1.50
05.11.2012 00:08:10.854,1.28254,1.28245,5.96,2.25
05.11.2012 00:08:11.276,1.28254,1.28245,1.88,2.25
05.11.2012 00:08:11.576,1.28255,1.28248,3.48,1.50
05.11.2012 00:08:11.814,1.28258,1.28249,2.48,1.50
05.11.2012 00:08:12.056,1.28257,1.28250,1.73,1.50
05.11.2012 00:08:12.414,1.28257,1.28250,1.73,1.50
05.11.2012 00:08:12.954,1.28259,1.28251,3.23,1.50
05.11.2012 00:08:13.547,1.28259,1.28250,2.48,1.50
05.11.2012 00:08:14.354,1.28257,1.28250,1.73,1.50
05.11.2012 00:08:14.477,1.28255,1.28248,3.23,1.50
05.11.2012 00:08:15.025,1.28255,1.28246,1.73,1.50
05.11.2012 00:08:15.665,1.28254,1.28245,2.48,1.73
05.11.2012 00:08:15.965,1.28253,1.28245,1.73,1.73
05.11.2012 00:08:16.097,1.28252,1.28243,2.25,1.73
05.11.2012 00:08:16.696,1.28252,1.28243,2.48,1.50
05.11.2012 00:08:18.315,1.28252,1.28243,3.23,1.50
05.11.2012 00:08:18.794,1.28252,1.28244,2.48,1.50
05.11.2012 00:08:19.035,1.28255,1.28247,1.65,1.50
05.11.2012 00:08:19.215,1.28257,1.28251,2.63,1.50
05.11.2012 00:08:19.334,1.28260,1.28252,1.73,1.50
05.11.2012 00:08:19.455,1.28260,1.28253,1.73,1.50
05.11.2012 00:08:20.555,1.28256,1.28252,2.73,2.25
05.11.2012 00:08:20.690,1.28255,1.28248,1.09,1.50
05.11.2012 00:08:20.757,1.28255,1.28248,1.09,1.50
05.11.2012 00:08:20.876,1.28252,1.28243,1.50,2.33
05.11.2012 00:08:20.936,1.28252,1.28243,1.73,2.25
05.11.2012 00:08:22.265,1.28250,1.28242,1.09,1.73
05.11.2012 00:08:22.325,1.28248,1.28241,1.09,1.50
05.11.2012 00:08:22.565,1.28246,1.28239,1.09,1.50
05.11.2012 00:08:22.747,1.28243,1.28238,1.09,1.50
05.11.2012 00:08:22.806,1.28244,1.28235,1.84,1.25
05.11.2012 00:08:23.344,1.28244,1.28234,1.84,1.73
05.11.2012 00:08:27.493,1.28243,1.28236,1.73,2.25
05.11.2012 00:08:27.615,1.28246,1.28239,1.73,1.50
05.11.2012 00:08:27.675,1.28247,1.28239,2.37,1.73
05.11.2012 00:08:30.176,1.28247,1.28239,2.37,1.73
05.11.2012 00:08:34.565,1.28249,1.28242,3.34,1.50
05.11.2012 00:08:34.866,1.28249,1.28242,1.50,2.48
05.11.2012 00:08:40.406,1.28251,1.28244,2.48,1.50
05.11.2012 00:08:40.527,1.28253,1.28246,1.73,1.50
05.11.2012 00:08:40.765,1.28253,1.28245,1.73,2.48
05.11.2012 00:08:40.907,1.28254,1.28245,5.96,3.23
05.11.2012 00:08:41.466,1.28253,1.28246,2.48,1.50
05.11.2012 00:08:41.767,1.28246,1.28233,14.93,1.50
05.11.2012 00:08:42.076,1.28237,1.28227,7.96,3.30
05.11.2012 00:08:42.199,1.28232,1.28227,2.48,1.80
05.11.2012 00:08:43.165,1.28231,1.28224,2.48,1.50
05.11.2012 00:08:46.635,1.28231,1.28219,1.73,2.48
05.11.2012 00:08:47.165,1.28232,1.28224,1.73,1.50
05.11.2012 00:08:47.406,1.28233,1.28226,1.50,1.50
05.11.2012 00:08:47.825,1.28234,1.28226,2.48,2.25
05.11.2012 00:08:49.257,1.28237,1.28228,4.43,1.50
05.11.2012 00:08:49.435,1.28236,1.28227,1.73,3.60
05.11.2012 00:08:49.495,1.28236,1.28227,1.73,3.83
05.11.2012 00:08:49.917,1.28234,1.28227,2.48,1.50
05.11.2012 00:08:50.215,1.28233,1.28226,2.48,1.50
05.11.2012 00:08:51.415,1.28233,1.28226,1.73,2.25
05.11.2012 00:08:51.951,1.28233,1.28226,1.73,1.50
05.11.2012 00:08:52.447,1.28234,1.28228,1.73,1.50
05.11.2012 00:08:52.625,1.28234,1.28227,1.73,1.50
05.11.2012 00:08:52.807,1.28237,1.28230,4.23,2.25
05.11.2012 00:08:53.165,1.28238,1.28232,1.13,1.58
05.11.2012 00:08:53.466,1.28240,1.28231,2.48,2.25
05.11.2012 00:08:53.766,1.28239,1.28231,2.48,1.50
05.11.2012 00:08:53.957,1.28234,1.28227,1.73,1.50
05.11.2012 00:08:54.569,1.28234,1.28227,1.73,1.50
05.11.2012 00:08:55.125,1.28234,1.28225,3.23,2.25
05.11.2012 00:08:55.305,1.28233,1.28225,1.50,1.50
05.11.2012 00:08:57.225,1.28233,1.28225,1.50,1.50
05.11.2012 00:09:04.345,1.28233,1.28225,1.50,1.50
05.11.2012 00:09:04.855,1.28233,1.28225,1.50,1.50
05.11.2012 00:09:08.146,1.28234,1.28225,3.23,2.25
05.11.2012 00:09:08.265,1.28232,1.28225,1.50,1.50
05.11.2012 00:09:08.735,1.28230,1.28223,1.73,1.50
05.11.2012 00:09:09.524,1.28232,1.28223,2.25,2.48
05.11.2012 00:09:19.065,1.28232,1.28225,1.50,1.73
05.11.2012 00:09:19.425,1.28235,1.28226,2.48,1.73
05.11.2012 00:09:19.735,1.28232,1.28225,1.50,1.73
05.11.2012 00:09:23.285,1.28232,1.28225,1.50,1.73
05.11.2012 00:09:28.034,1.28234,1.28225,3.98,3.23
05.11.2012 00:09:28.818,1.28234,1.28226,3.98,1.50
05.11.2012 00:09:32.435,1.28234,1.28227,2.48,1.50
05.11.2012 00:09:32.615,1.28234,1.28226,2.48,2.25
05.11.2012 00:09:36.565,1.28234,1.28227,2.25,1.73
05.11.2012 00:09:37.111,1.28234,1.28227,2.48,1.50
05.11.2012 00:09:42.097,1.28235,1.28227,3.00,2.25
05.11.2012 00:09:42.335,1.28235,1.28227,2.25,1.50
05.11.2012 00:09:42.575,1.28235,1.28228,1.73,1.50
05.11.2012 00:09:42.636,1.28234,1.28227,1.73,2.25
05.11.2012 00:09:44.768,1.28234,1.28226,3.98,1.50
05.11.2012 00:09:46.246,1.28234,1.28226,3.23,2.25
05.11.2012 00:09:52.418,1.28234,1.28226,3.23,3.00
05.11.2012 00:10:00.946,1.28235,1.28228,3.23,1.50
05.11.2012 00:10:01.126,1.28236,1.28227,2.48,1.50
05.11.2012 00:10:01.308,1.28237,1.28228,2.48,1.50
05.11.2012 00:10:01.377,1.28236,1.28230,1.73,1.50
05.11.2012 00:10:01.736,1.28238,1.28231,1.13,2.48
05.11.2012 00:10:02.096,1.28235,1.28227,1.50,4.58
05.11.2012 00:10:02.215,1.28235,1.28227,3.23,2.48
05.11.2012 00:10:02.456,1.28232,1.28225,1.50,1.73
05.11.2012 00:10:02.576,1.28232,1.28225,1.50,1.73
05.11.2012 00:10:03.448,1.28233,1.28225,1.73,1.73
05.11.2012 00:10:03.995,1.28233,1.28225,1.73,1.73
05.11.2012 00:10:04.784,1.28234,1.28226,3.23,1.50
05.11.2012 00:10:10.505,1.28233,1.28226,2.10,1.50
05.11.2012 00:10:11.265,1.28235,1.28226,2.48,1.73
05.11.2012 00:10:11.566,1.28234,1.28225,2.48,3.60
05.11.2012 00:10:15.717,1.28233,1.28225,1.58,3.60
05.11.2012 00:10:15.780,1.28233,1.28225,2.33,1.50
05.11.2012 00:10:17.755,1.28230,1.28225,1.50,1.50
05.11.2012 00:10:19.705,1.28232,1.28223,2.70,1.73
05.11.2012 00:10:20.255,1.28231,1.28223,1.35,1.50
05.11.2012 00:10:20.375,1.28231,1.28223,1.13,1.73
05.11.2012 00:10:21.036,1.28231,1.28224,1.13,2.48
05.11.2012 00:10:31.464,1.28231,1.28224,1.50,1.35
05.11.2012 00:10:33.655,1.28230,1.28223,1.50,2.25
05.11.2012 00:10:42.285,1.28231,1.28225,1.73,1.50
05.11.2012 00:10:44.116,1.28231,1.28222,3.23,3.00
05.11.2012 00:10:48.516,1.28229,1.28222,1.50,1.50
05.11.2012 00:10:48.576,1.28229,1.28222,2.25,1.50
05.11.2012 00:10:48.696,1.28229,1.28222,2.25,1.50
05.11.2012 00:10:49.147,1.28230,1.28222,1.88,2.25
05.11.2012 00:10:51.815,1.28229,1.28222,1.50,2.25
05.11.2012 00:10:52.085,1.28229,1.28222,2.25,1.50
05.11.2012 00:10:58.665,1.28229,1.28222,2.25,1.50
05.11.2012 00:10:59.876,1.28229,1.28222,2.25,1.50
05.11.2012 00:11:06.756,1.28229,1.28222,2.25,1.50
05.11.2012 00:11:15.106,1.28229,1.28222,1.50,2.25
05.11.2012 00:11:17.315,1.28232,1.28225,1.80,1.50
05.11.2012 00:11:17.855,1.28232,1.28225,1.58,1.50
05.11.2012 00:11:18.568,1.28231,1.28224,1.73,2.25
05.11.2012 00:11:21.046,1.28231,1.28224,2.48,1.50
05.11.2012 00:11:21.869,1.28230,1.28222,1.50,2.25
05.11.2012 00:11:22.185,1.28229,1.28222,1.88,1.50
05.11.2012 00:11:22.696,1.28229,1.28221,1.50,2.10
05.11.2012 00:11:25.445,1.28227,1.28220,1.50,3.23
05.11.2012 00:11:26.293,1.28227,1.28220,1.50,3.23
05.11.2012 00:11:26.887,1.28227,1.28220,1.50,3.23
05.11.2012 00:11:32.417,1.28225,1.28220,1.50,2.48
05.11.2012 00:11:32.776,1.28223,1.28216,2.48,2.03
05.11.2012 00:11:33.576,1.28222,1.28216,1.50,1.13
05.11.2012 00:11:33.635,1.28223,1.28216,1.73,1.13
05.11.2012 00:11:34.145,1.28224,1.28216,2.48,1.13
05.11.2012 00:11:36.137,1.28224,1.28216,1.73,1.50
05.11.2012 00:11:36.316,1.28226,1.28217,2.10,3.75
05.11.2012 00:11:36.376,1.28226,1.28217,1.88,3.98
05.11.2012 00:11:36.556,1.28226,1.28217,2.85,2.48
05.11.2012 00:11:40.195,1.28223,1.28217,3.75,2.48
05.11.2012 00:11:41.105,1.28224,1.28217,1.50,2.48
05.11.2012 00:11:41.406,1.28224,1.28218,1.50,1.73
05.11.2012 00:11:44.870,1.28226,1.28218,1.50,1.73
05.11.2012 00:11:44.936,1.28227,1.28220,6.00,1.73
05.11.2012 00:11:45.476,1.28227,1.28220,4.50,3.23
05.11.2012 00:11:50.666,1.28227,1.28220,5.25,3.98
05.11.2012 00:11:50.969,1.28221,1.28211,7.50,2.85
05.11.2012 00:11:51.049,1.28221,1.28216,3.75,1.50
05.11.2012 00:11:51.117,1.28220,1.28215,3.75,2.10
05.11.2012 00:11:51.321,1.28220,1.28214,1.50,1.35
05.11.2012 00:11:51.835,1.28220,1.28213,1.50,1.50
05.11.2012 00:11:52.975,1.28222,1.28214,3.22,1.50
05.11.2012 00:11:53.096,1.28222,1.28214,1.50,3.23
05.11.2012 00:11:54.445,1.28222,1.28214,2.25,2.48
05.11.2012 00:11:57.276,1.28222,1.28214,1.50,3.23
05.11.2012 00:12:00.463,1.28225,1.28216,3.98,2.25
05.11.2012 00:12:00.768,1.28225,1.28216,3.75,3.23
05.11.2012 00:12:00.827,1.28225,1.28218,3.00,1.73
05.11.2012 00:12:01.006,1.28223,1.28218,3.75,1.73
05.11.2012 00:12:01.186,1.28226,1.28220,1.13,1.73
05.11.2012 00:12:01.696,1.28228,1.28221,5.25,1.73
05.11.2012 00:12:02.935,1.28225,1.28220,7.50,1.73
05.11.2012 00:12:03.056,1.28224,1.28220,1.50,1.73
05.11.2012 00:12:03.476,1.28226,1.28222,1.50,1.03
05.11.2012 00:12:03.536,1.28226,1.28222,1.50,1.63
05.11.2012 00:12:03.779,1.28229,1.28224,3.75,1.50
05.11.2012 00:12:05.275,1.28228,1.28224,3.75,1.50
05.11.2012 00:12:05.811,1.28227,1.28224,3.75,1.50
05.11.2012 00:12:11.327,1.28228,1.28224,3.75,2.25
05.11.2012 00:12:11.386,1.28230,1.28224,4.73,2.25
05.11.2012 00:12:11.926,1.28230,1.28226,3.75,1.50
05.11.2012 00:12:12.707,1.28232,1.28226,3.75,2.25
05.11.2012 00:12:12.886,1.28232,1.28229,3.75,1.50
05.11.2012 00:12:13.065,1.28237,1.28229,4.50,4.63
05.11.2012 00:12:13.126,1.28241,1.28231,1.50,1.50
05.11.2012 00:12:13.665,1.28242,1.28233,2.85,1.50
05.11.2012 00:12:14.196,1.28241,1.28234,1.73,1.50
05.11.2012 00:12:33.136,1.28240,1.28233,1.73,1.50
05.11.2012 00:12:33.437,1.28235,1.28229,3.23,1.78
05.11.2012 00:12:33.556,1.28231,1.28226,1.73,1.13
05.11.2012 00:12:33.676,1.28231,1.28223,2.85,1.50
05.11.2012 00:12:34.215,1.28230,1.28221,1.73,2.48
05.11.2012 00:12:35.136,1.28229,1.28221,1.50,1.73
05.11.2012 00:12:35.437,1.28226,1.28220,1.35,1.50
05.11.2012 00:12:35.735,1.28224,1.28217,1.50,1.50
05.11.2012 00:12:40.615,1.28224,1.28215,2.25,4.10
05.11.2012 00:12:41.069,1.28224,1.28215,1.50,4.10
05.11.2012 00:12:46.617,1.28226,1.28218,3.23,1.50
05.11.2012 00:12:46.975,1.28226,1.28219,1.35,2.25
05.11.2012 00:12:47.526,1.28227,1.28220,2.10,1.50
05.11.2012 00:12:48.667,1.28228,1.28222,1.13,1.50
05.11.2012 00:12:48.849,1.28229,1.28222,1.35,1.50
05.11.2012 00:12:49.469,1.28230,1.28222,1.73,1.73
05.11.2012 00:12:50.166,1.28230,1.28223,1.73,1.50
05.11.2012 00:13:10.286,1.28228,1.28221,2.48,1.50
05.11.2012 00:13:10.409,1.28226,1.28221,1.50,1.50
05.11.2012 00:13:10.815,1.28227,1.28222,1.50,1.50
05.11.2012 00:13:10.995,1.28228,1.28222,2.48,1.50
05.11.2012 00:13:14.865,1.28228,1.28221,1.73,2.25
05.11.2012 00:13:15.615,1.28228,1.28222,1.73,1.50
05.11.2012 00:13:15.735,1.28232,1.28222,5.55,1.88
05.11.2012 00:13:16.036,1.28232,1.28225,1.58,2.38
05.11.2012 00:13:16.157,1.28232,1.28224,1.58,3.23
05.11.2012 00:13:16.515,1.28231,1.28224,1.73,2.25
05.11.2012 00:13:22.586,1.28231,1.28224,1.73,1.50
05.11.2012 00:13:23.094,1.28232,1.28224,2.48,1.50
05.11.2012 00:13:23.446,1.28234,1.28225,2.48,2.25
05.11.2012 00:13:23.565,1.28234,1.28226,1.73,1.50
05.11.2012 00:13:24.033,1.28234,1.28226,1.73,1.50
05.11.2012 00:13:33.436,1.28235,1.28227,2.48,1.73
05.11.2012 00:13:33.739,1.28241,1.28234,2.63,1.50
05.11.2012 00:13:33.926,1.28243,1.28236,2.25,1.73
05.11.2012 00:13:33.986,1.28243,1.28238,1.50,1.50
05.11.2012 00:13:34.286,1.28245,1.28238,1.73,1.50
05.11.2012 00:13:42.396,1.28245,1.28237,1.73,2.25
05.11.2012 00:13:43.069,1.28244,1.28236,1.73,1.50
05.11.2012 00:13:43.788,1.28244,1.28235,1.73,2.48
05.11.2012 00:14:09.035,1.28243,1.28235,1.73,2.48
05.11.2012 00:14:14.985,1.28244,1.28235,2.48,2.48
05.11.2012 00:14:15.345,1.28245,1.28236,2.48,1.88
05.11.2012 00:14:20.227,1.28247,1.28239,3.23,1.50
05.11.2012 00:14:21.026,1.28248,1.28240,2.25,2.63
05.11.2012 00:14:21.387,1.28255,1.28244,3.23,1.50
05.11.2012 00:14:21.446,1.28253,1.28244,2.48,3.75
05.11.2012 00:14:21.506,1.28253,1.28244,1.73,3.98
05.11.2012 00:14:22.696,1.28252,1.28244,1.50,3.98
05.11.2012 00:14:23.225,1.28251,1.28244,1.50,1.73
05.11.2012 00:14:30.127,1.28252,1.28246,2.25,1.50
05.11.2012 00:14:30.487,1.28253,1.28246,1.50,1.73
05.11.2012 00:14:30.726,1.28252,1.28245,1.50,1.73
05.11.2012 00:14:30.786,1.28252,1.28243,2.25,2.85
05.11.2012 00:14:39.796,1.28251,1.28246,1.50,1.50
05.11.2012 00:14:39.977,1.28255,1.28247,3.75,1.73
05.11.2012 00:14:40.037,1.28253,1.28246,1.73,2.63
05.11.2012 00:14:40.492,1.28253,1.28245,2.48,1.73
05.11.2012 00:14:43.027,1.28253,1.28244,3.23,1.73
05.11.2012 00:14:52.415,1.28253,1.28244,3.23,3.60
05.11.2012 00:15:01.356,1.28253,1.28245,3.23,2.48
05.11.2012 00:15:02.681,1.28253,1.28244,3.23,3.23
05.11.2012 00:15:12.355,1.28252,1.28244,1.50,2.48
05.11.2012 00:15:13.345,1.28250,1.28244,7.50,1.73
05.11.2012 00:15:32.706,1.28248,1.28242,7.50,2.15
05.11.2012 00:15:33.125,1.28247,1.28242,7.50,3.23
05.11.2012 00:15:33.245,1.28249,1.28242,2.25,3.23
05.11.2012 00:15:39.017,1.28249,1.28241,3.00,2.48
05.11.2012 00:16:00.316,1.28244,1.28239,1.50,1.78
05.11.2012 00:16:00.500,1.28243,1.28237,2.25,2.63
05.11.2012 00:16:00.568,1.28242,1.28235,2.25,5.03
05.11.2012 00:16:00.926,1.28238,1.28231,3.98,1.50
05.11.2012 00:16:01.106,1.28238,1.28230,4.73,3.23
05.11.2012 00:16:01.627,1.28238,1.28232,3.23,1.50
05.11.2012 00:16:01.686,1.28238,1.28232,1.73,1.50
05.11.2012 00:16:02.170,1.28241,1.28236,1.50,1.50
05.11.2012 00:16:02.237,1.28243,1.28236,2.10,1.50
05.11.2012 00:16:02.298,1.28245,1.28239,2.63,1.50
05.11.2012 00:16:02.357,1.28245,1.28240,2.63,1.50
05.11.2012 00:16:02.597,1.28247,1.28242,1.50,1.50
05.11.2012 00:16:02.657,1.28249,1.28242,7.46,2.25
05.11.2012 00:16:03.017,1.28249,1.28243,1.50,1.50
05.11.2012 00:16:06.500,1.28250,1.28244,2.48,1.50
05.11.2012 00:16:26.028,1.28249,1.28244,1.50,1.50
05.11.2012 00:16:27.677,1.28249,1.28241,2.25,1.73
05.11.2012 00:16:28.227,1.28247,1.28240,1.50,3.23
05.11.2012 00:16:29.008,1.28248,1.28243,2.48,1.50
05.11.2012 00:16:30.026,1.28248,1.28242,2.48,2.25
05.11.2012 00:16:30.957,1.28248,1.28242,3.23,1.50
05.11.2012 00:16:43.337,1.28249,1.28242,3.23,1.50
05.11.2012 00:16:43.456,1.28249,1.28242,2.48,2.25
05.11.2012 00:16:49.115,1.28249,1.28243,1.50,1.50
05.11.2012 00:16:50.926,1.28249,1.28243,1.50,1.50
05.11.2012 00:16:51.494,1.28249,1.28243,1.50,1.50
05.11.2012 00:16:52.206,1.28249,1.28241,1.50,2.48
05.11.2012 00:16:52.637,1.28248,1.28241,2.25,1.73
05.11.2012 00:16:53.157,1.28248,1.28241,2.48,1.50
05.11.2012 00:16:59.186,1.28248,1.28241,3.23,1.50
05.11.2012 00:17:02.036,1.28248,1.28242,2.48,2.25
05.11.2012 00:17:03.767,1.28249,1.28243,1.73,1.50
05.11.2012 00:17:03.886,1.28250,1.28244,3.23,1.50
05.11.2012 00:17:04.980,1.28249,1.28242,1.50,3.83
05.11.2012 00:17:05.839,1.28249,1.28242,1.50,4.58
05.11.2012 00:17:05.967,1.28251,1.28245,2.25,1.73
05.11.2012 00:17:07.317,1.28251,1.28245,2.25,1.73
05.11.2012 00:17:20.667,1.28250,1.28243,2.25,2.48
05.11.2012 00:17:20.786,1.28250,1.28243,3.98,1.50
05.11.2012 00:17:30.781,1.28250,1.28243,2.48,2.25
05.11.2012 00:17:43.657,1.28251,1.28245,1.73,1.50
05.11.2012 00:17:44.376,1.28251,1.28246,1.50,1.50
05.11.2012 00:17:47.405,1.28252,1.28246,2.25,1.50
05.11.2012 00:17:49.056,1.28254,1.28247,2.63,1.73
05.11.2012 00:17:49.295,1.28254,1.28246,3.38,1.73
05.11.2012 00:17:56.076,1.28254,1.28246,2.25,1.73
05.11.2012 00:18:00.746,1.28254,1.28247,2.25,1.73
05.11.2012 00:18:00.926,1.28255,1.28248,1.73,2.63
05.11.2012 00:18:01.227,1.28260,1.28251,2.96,1.50
05.11.2012 00:18:01.587,1.28264,1.28258,1.88,1.50
05.11.2012 00:18:01.647,1.28262,1.28257,1.13,1.73
05.11.2012 00:18:01.827,1.28264,1.28259,2.63,1.50
05.11.2012 00:18:01.946,1.28264,1.28259,1.50,1.50
05.11.2012 00:18:02.066,1.28264,1.28257,1.50,2.48
05.11.2012 00:18:02.246,1.28264,1.28256,2.25,1.73
05.11.2012 00:18:02.306,1.28264,1.28255,3.98,3.98
05.11.2012 00:18:02.427,1.28258,1.28253,1.73,1.50
05.11.2012 00:18:02.547,1.28258,1.28253,1.73,2.25
05.11.2012 00:18:03.110,1.28258,1.28253,1.73,2.25
05.11.2012 00:18:03.657,1.28262,1.28254,3.38,1.73
05.11.2012 00:18:04.196,1.28262,1.28254,3.38,1.73
05.11.2012 00:18:05.065,1.28256,1.28250,1.50,1.50
05.11.2012 00:18:05.143,1.28256,1.28251,1.13,1.50
05.11.2012 00:18:05.213,1.28256,1.28251,1.35,1.50
05.11.2012 00:18:05.397,1.28256,1.28251,1.13,2.25
05.11.2012 00:18:05.517,1.28256,1.28251,1.35,1.50
05.11.2012 00:18:05.696,1.28257,1.28251,1.13,2.25
05.11.2012 00:18:06.236,1.28258,1.28252,1.50,1.50
05.11.2012 00:18:10.246,1.28260,1.28252,4.73,1.50
05.11.2012 00:18:10.426,1.28260,1.28253,2.48,1.50
05.11.2012 00:18:17.350,1.28257,1.28248,3.75,1.50
05.11.2012 00:18:17.477,1.28253,1.28247,2.25,1.50
05.11.2012 00:18:17.836,1.28255,1.28250,1.73,1.13
05.11.2012 00:18:18.017,1.28256,1.28251,1.73,1.50
05.11.2012 00:18:18.376,1.28261,1.28254,3.23,1.88
05.11.2012 00:18:19.008,1.28261,1.28254,3.23,1.88
05.11.2012 00:18:20.826,1.28260,1.28254,1.73,1.88
05.11.2012 00:18:21.369,1.28260,1.28254,1.73,1.50
05.11.2012 00:18:22.366,1.28258,1.28253,1.50,2.25
05.11.2012 00:18:22.428,1.28258,1.28253,1.50,2.25
05.11.2012 00:18:24.636,1.28260,1.28253,3.23,1.50
05.11.2012 00:18:28.877,1.28260,1.28253,1.73,1.50
05.11.2012 00:18:32.736,1.28260,1.28252,1.73,3.23
05.11.2012 00:18:32.796,1.28260,1.28254,1.73,1.50
05.11.2012 00:18:35.597,1.28260,1.28254,2.48,1.50
05.11.2012 00:18:35.896,1.28258,1.28252,1.73,1.50
05.11.2012 00:18:36.336,1.28258,1.28252,1.73,2.25
05.11.2012 00:18:49.746,1.28260,1.28252,2.48,1.73
05.11.2012 00:18:50.107,1.28261,1.28254,2.48,1.50
05.11.2012 00:18:52.917,1.28261,1.28253,3.23,1.73
05.11.2012 00:18:55.338,1.28260,1.28252,1.73,3.23
05.11.2012 00:18:56.218,1.28260,1.28253,1.73,1.73
05.11.2012 00:18:57.927,1.28260,1.28252,1.73,1.73
05.11.2012 00:18:58.227,1.28258,1.28251,1.50,3.35
05.11.2012 00:18:58.287,1.28258,1.28250,1.50,3.23
05.11.2012 00:18:58.794,1.28258,1.28250,2.25,2.48
05.11.2012 00:18:59.096,1.28257,1.28250,1.50,1.73
05.11.2012 00:18:59.537,1.28255,1.28248,3.60,1.50
05.11.2012 00:18:59.658,1.28255,1.28248,2.63,1.73
05.11.2012 00:18:59.778,1.28255,1.28247,2.85,3.23
05.11.2012 00:19:00.579,1.28255,1.28248,1.73,2.53
05.11.2012 00:19:00.697,1.28257,1.28250,1.88,1.73
05.11.2012 00:19:01.006,1.28259,1.28251,3.98,1.13
05.11.2012 00:19:08.627,1.28261,1.28254,3.23,1.50
05.11.2012 00:19:08.750,1.28261,1.28254,2.48,1.50
05.11.2012 00:19:16.457,1.28257,1.28250,1.50,1.03
05.11.2012 00:19:16.577,1.28254,1.28248,1.50,3.00
05.11.2012 00:19:16.638,1.28257,1.28250,1.50,1.50
05.11.2012 00:19:16.701,1.28257,1.28250,1.50,1.50
05.11.2012 00:19:16.775,1.28259,1.28251,3.98,1.50
05.11.2012 00:19:16.840,1.28258,1.28249,1.50,3.08
05.11.2012 00:19:17.087,1.28259,1.28251,3.23,1.50
05.11.2012 00:19:17.146,1.28258,1.28249,1.50,2.33
05.11.2012 00:19:30.898,1.28258,1.28251,1.13,1.50
05.11.2012 00:19:42.986,1.28258,1.28250,1.13,2.25
05.11.2012 00:19:43.876,1.28258,1.28250,1.13,1.50
05.11.2012 00:19:46.226,1.28259,1.28250,3.60,2.25
05.11.2012 00:19:47.788,1.28259,1.28250,2.85,3.00
05.11.2012 00:19:50.696,1.28259,1.28252,1.73,1.50
05.11.2012 00:19:51.246,1.28260,1.28252,3.23,2.25
05.11.2012 00:19:58.667,1.28260,1.28253,2.48,1.50
05.11.2012 00:20:27.376,1.28260,1.28252,3.23,3.00
05.11.2012 00:20:37.027,1.28260,1.28252,2.48,1.50
05.11.2012 00:20:42.508,1.28259,1.28252,2.48,2.25
05.11.2012 00:20:43.948,1.28259,1.28252,3.23,1.50
05.11.2012 00:20:45.176,1.28259,1.28251,3.23,2.25
05.11.2012 00:20:45.867,1.28259,1.28251,1.73,2.25
05.11.2012 00:20:46.107,1.28260,1.28252,2.48,2.48
05.11.2012 00:20:46.557,1.28260,1.28252,2.48,1.73
05.11.2012 00:20:47.097,1.28259,1.28253,1.50,2.25
05.11.2012 00:20:47.157,1.28265,1.28253,2.48,2.25
05.11.2012 00:20:47.457,1.28265,1.28254,2.25,3.08
05.11.2012 00:20:48.011,1.28265,1.28255,1.73,1.58
05.11.2012 00:20:50.938,1.28265,1.28255,2.25,1.58
05.11.2012 00:20:51.178,1.28260,1.28254,2.48,1.50
05.11.2012 00:20:51.237,1.28260,1.28252,3.23,3.60
05.11.2012 00:20:51.979,1.28260,1.28252,3.23,3.23
05.11.2012 00:21:01.759,1.28258,1.28250,2.48,6.08
05.11.2012 00:21:01.829,1.28258,1.28250,3.23,5.33
05.11.2012 00:21:02.136,1.28258,1.28250,1.73,3.23
05.11.2012 00:21:02.436,1.28258,1.28250,2.48,3.23
05.11.2012 00:21:02.497,1.28258,1.28250,3.23,3.23
05.11.2012 00:21:16.517,1.28258,1.28250,2.48,1.73
05.11.2012 00:21:17.057,1.28259,1.28251,2.10,1.50
05.11.2012 00:21:17.598,1.28260,1.28254,1.73,3.00
05.11.2012 00:21:17.907,1.28264,1.28257,1.73,3.75
05.11.2012 00:21:18.027,1.28264,1.28256,3.00,2.48
05.11.2012 00:21:18.579,1.28265,1.28257,3.98,1.73
05.11.2012 00:21:21.178,1.28265,1.28257,3.23,1.73
05.11.2012 00:21:24.047,1.28265,1.28257,3.98,1.73
05.11.2012 00:21:24.786,1.28264,1.28257,1.50,1.73
05.11.2012 00:21:27.246,1.28264,1.28257,1.50,1.73
05.11.2012 00:21:32.548,1.28265,1.28257,2.48,1.73
05.11.2012 00:21:32.727,1.28266,1.28259,1.88,1.58
05.11.2012 00:21:33.275,1.28266,1.28259,1.13,2.33
05.11.2012 00:21:35.769,1.28264,1.28258,1.50,2.25
05.11.2012 00:21:36.365,1.28264,1.28257,1.50,3.08
05.11.2012 00:21:41.506,1.28264,1.28257,1.50,3.08
05.11.2012 00:21:45.667,1.28264,1.28257,1.50,3.08
05.11.2012 00:21:46.170,1.28264,1.28257,1.50,3.08
05.11.2012 00:21:57.596,1.28265,1.28257,1.73,3.08
05.11.2012 00:22:00.127,1.28265,1.28257,1.73,3.83
05.11.2012 00:22:00.427,1.28267,1.28260,1.13,1.73
05.11.2012 00:22:00.726,1.28269,1.28261,2.48,1.50
05.11.2012 00:22:01.246,1.28269,1.28261,3.23,1.50
05.11.2012 00:22:05.977,1.28268,1.28260,1.73,2.85
05.11.2012 00:22:09.796,1.28267,1.28260,1.50,1.35
05.11.2012 00:22:10.157,1.28267,1.28259,3.00,4.20
05.11.2012 00:22:10.522,1.28265,1.28259,1.50,3.08
05.11.2012 00:22:11.153,1.28266,1.28259,1.50,3.08
05.11.2012 00:22:14.679,1.28264,1.28257,1.50,1.50
05.11.2012 00:22:14.857,1.28264,1.28257,1.50,1.73
05.11.2012 00:22:39.328,1.28262,1.28256,1.50,3.23
05.11.2012 00:22:39.688,1.28268,1.28261,1.73,3.00
05.11.2012 00:22:40.227,1.28272,1.28266,1.65,1.73
05.11.2012 00:22:41.147,1.28274,1.28266,2.25,1.73
05.11.2012 00:22:41.448,1.28271,1.28265,1.50,2.48
05.11.2012 00:22:41.509,1.28271,1.28265,1.73,1.50
05.11.2012 00:22:41.569,1.28273,1.28266,4.58,1.50
05.11.2012 00:22:41.687,1.28270,1.28263,1.50,4.03
05.11.2012 00:22:42.169,1.28272,1.28266,2.10,1.73
05.11.2012 00:22:42.239,1.28273,1.28266,2.25,1.73
05.11.2012 00:23:09.128,1.28274,1.28266,2.10,2.48
05.11.2012 00:23:24.529,1.28273,1.28267,1.88,1.50
05.11.2012 00:23:25.076,1.28273,1.28266,1.88,1.73
05.11.2012 00:23:34.417,1.28273,1.28266,1.50,1.73
05.11.2012 00:23:34.925,1.28273,1.28266,1.50,1.73
05.11.2012 00:23:37.846,1.28273,1.28266,1.50,1.73
05.11.2012 00:23:38.157,1.28275,1.28268,2.33,2.25
05.11.2012 00:23:38.218,1.28275,1.28268,1.58,2.25
05.11.2012 00:23:49.907,1.28276,1.28271,3.08,2.25
05.11.2012 00:23:50.027,1.28280,1.28274,1.73,1.50
05.11.2012 00:23:50.147,1.28281,1.28274,1.50,1.50
05.11.2012 00:23:50.327,1.28281,1.28274,1.50,1.73
05.11.2012 00:23:50.867,1.28281,1.28274,1.50,1.73
05.11.2012 00:23:51.407,1.28281,1.28274,1.50,1.73
05.11.2012 00:23:57.347,1.28281,1.28271,1.50,1.88
05.11.2012 00:23:57.407,1.28275,1.28267,3.00,3.75
05.11.2012 00:23:57.467,1.28277,1.28270,2.96,2.25
05.11.2012 00:23:57.707,1.28274,1.28267,2.25,3.98
05.11.2012 00:23:57.947,1.28272,1.28265,1.50,3.23
05.11.2012 00:23:58.768,1.28272,1.28265,1.50,2.48
05.11.2012 00:23:59.317,1.28275,1.28268,1.73,1.50
05.11.2012 00:23:59.618,1.28278,1.28271,1.50,3.98
05.11.2012 00:24:00.646,1.28280,1.28272,1.50,1.50
05.11.2012 00:24:03.547,1.28280,1.28271,2.25,3.98
05.11.2012 00:24:04.157,1.28280,1.28272,2.25,1.50
05.11.2012 00:24:05.178,1.28280,1.28273,1.50,2.25
05.11.2012 00:24:05.357,1.28282,1.28275,3.86,2.48
05.11.2012 00:24:05.417,1.28282,1.28275,1.88,1.73
05.11.2012 00:24:08.277,1.28282,1.28275,2.25,2.10
05.11.2012 00:24:08.337,1.28282,1.28275,2.25,2.10
05.11.2012 00:24:08.698,1.28285,1.28277,1.73,1.50
05.11.2012 00:24:08.758,1.28285,1.28278,1.50,1.50
05.11.2012 00:24:11.637,1.28286,1.28277,3.23,3.38
05.11.2012 00:24:13.397,1.28285,1.28279,1.50,1.50
05.11.2012 00:24:15.387,1.28285,1.28277,2.25,2.25
05.11.2012 00:24:15.927,1.28284,1.28277,1.50,1.50
05.11.2012 00:24:16.288,1.28284,1.28276,1.50,2.48
05.11.2012 00:24:16.728,1.28284,1.28276,2.25,1.73
05.11.2012 00:24:19.987,1.28283,1.28276,1.50,1.73
05.11.2012 00:24:20.407,1.28283,1.28277,1.50,1.50
05.11.2012 00:24:23.706,1.28285,1.28277,1.50,2.25
05.11.2012 00:24:24.007,1.28284,1.28277,1.50,1.50
05.11.2012 00:24:25.916,1.28284,1.28277,3.75,1.50
05.11.2012 00:24:34.928,1.28282,1.28275,3.00,1.73
05.11.2012 00:24:35.048,1.28281,1.28273,4.35,2.48
05.11.2012 00:24:35.587,1.28281,1.28273,6.08,1.50
05.11.2012 00:24:46.627,1.28281,1.28272,4.58,1.50
05.11.2012 00:24:47.139,1.28281,1.28273,3.83,2.25
05.11.2012 00:24:56.658,1.28280,1.28273,2.48,1.13
05.11.2012 00:24:57.350,1.28280,1.28272,2.48,3.98
05.11.2012 00:25:02.077,1.28280,1.28272,2.48,1.35
05.11.2012 00:25:38.669,1.28280,1.28272,3.23,1.73
05.11.2012 00:25:47.307,1.28280,1.28271,2.48,4.73
05.11.2012 00:25:56.818,1.28280,1.28271,1.73,3.23
05.11.2012 00:26:00.308,1.28280,1.28272,1.73,1.35
05.11.2012 00:26:00.964,1.28280,1.28272,1.73,2.10
05.11.2012 00:26:02.868,1.28280,1.28272,1.73,2.10
05.11.2012 00:26:03.881,1.28280,1.28272,1.73,2.10
05.11.2012 00:26:43.176,1.28280,1.28272,1.73,1.73
05.11.2012 00:26:44.216,1.28280,1.28271,1.73,2.85
05.11.2012 00:26:46.447,1.28280,1.28271,1.73,2.85
05.11.2012 00:26:46.789,1.28281,1.28271,2.48,2.85
05.11.2012 00:26:47.326,1.28280,1.28272,1.73,1.73
05.11.2012 00:26:47.446,1.28280,1.28272,1.73,1.73
05.11.2012 00:26:47.628,1.28280,1.28275,1.73,1.50
05.11.2012 00:26:48.211,1.28280,1.28275,1.73,1.50
05.11.2012 00:26:49.038,1.28281,1.28275,2.25,1.73
05.11.2012 00:26:49.577,1.28283,1.28276,1.73,1.50
05.11.2012 00:27:13.047,1.28282,1.28274,1.50,1.73
05.11.2012 00:27:14.467,1.28281,1.28274,1.50,1.73
05.11.2012 00:27:14.768,1.28278,1.28270,2.25,3.23
05.11.2012 00:27:14.888,1.28278,1.28272,1.73,1.50
05.11.2012 00:27:16.317,1.28279,1.28272,1.73,2.25
05.11.2012 00:27:27.287,1.28281,1.28274,2.48,2.25
05.11.2012 00:27:27.648,1.28284,1.28277,2.63,2.48
05.11.2012 00:27:27.908,1.28287,1.28280,2.84,1.50
05.11.2012 00:27:28.027,1.28287,1.28281,1.13,1.50
05.11.2012 00:27:33.269,1.28286,1.28280,1.50,2.48
05.11.2012 00:27:33.818,1.28287,1.28281,1.50,1.50
05.11.2012 00:27:33.938,1.28289,1.28281,3.98,2.25
05.11.2012 00:27:34.058,1.28288,1.28281,1.73,1.50
05.11.2012 00:27:36.918,1.28287,1.28281,1.50,1.50
05.11.2012 00:27:37.507,1.28287,1.28281,1.50,1.50
05.11.2012 00:27:44.527,1.28287,1.28281,1.50,1.88
05.11.2012 00:27:45.077,1.28286,1.28279,1.50,2.48
05.11.2012 00:27:46.918,1.28284,1.28278,1.50,2.48
05.11.2012 00:27:47.289,1.28284,1.28277,1.50,1.73
05.11.2012 00:28:03.188,1.28284,1.28277,2.25,1.73
05.11.2012 00:28:03.427,1.28282,1.28274,1.50,4.73
05.11.2012 00:28:03.618,1.28283,1.28275,3.23,1.73
05.11.2012 00:28:13.329,1.28283,1.28275,2.48,3.23
05.11.2012 00:28:13.641,1.28285,1.28279,1.50,1.50
05.11.2012 00:28:23.237,1.28286,1.28279,1.73,2.25
05.11.2012 00:28:23.779,1.28288,1.28281,2.48,1.50
05.11.2012 00:28:24.138,1.28288,1.28283,2.48,1.13
05.11.2012 00:28:27.731,1.28288,1.28282,3.23,2.25
05.11.2012 00:28:28.568,1.28288,1.28282,3.23,2.25
05.11.2012 00:28:30.788,1.28285,1.28280,1.50,3.23
05.11.2012 00:28:31.327,1.28285,1.28280,2.48,1.50
05.11.2012 00:28:31.388,1.28285,1.28277,2.48,2.48
05.11.2012 00:28:33.087,1.28286,1.28279,1.73,1.50
05.11.2012 00:28:33.268,1.28287,1.28279,1.50,1.73
05.11.2012 00:29:00.148,1.28287,1.28279,1.73,1.50
05.11.2012 00:29:15.778,1.28285,1.28278,1.50,1.50
05.11.2012 00:29:16.288,1.28285,1.28279,1.50,1.50
05.11.2012 00:29:20.008,1.28286,1.28281,1.50,1.50
05.11.2012 00:29:20.188,1.28288,1.28281,2.25,2.25
05.11.2012 00:29:20.249,1.28290,1.28283,5.96,1.50
05.11.2012 00:29:20.914,1.28290,1.28283,1.50,1.50
05.11.2012 00:29:21.582,1.28290,1.28285,1.50,1.50
05.11.2012 00:29:23.181,1.28290,1.28285,1.50,1.50
05.11.2012 00:29:23.629,1.28287,1.28278,2.25,2.25
05.11.2012 00:29:23.809,1.28284,1.28278,3.00,2.25
05.11.2012 00:29:24.349,1.28284,1.28278,3.00,2.25
05.11.2012 00:29:26.210,1.28284,1.28279,2.25,1.50
05.11.2012 00:29:26.389,1.28287,1.28280,1.88,1.50
05.11.2012 00:29:26.508,1.28287,1.28279,2.63,1.50
05.11.2012 00:29:48.291,1.28287,1.28279,2.25,2.25
05.11.2012 00:29:48.600,1.28292,1.28286,1.50,1.50
05.11.2012 00:29:48.900,1.28294,1.28286,4.23,2.25
05.11.2012 00:29:49.438,1.28294,1.28286,1.50,2.25
05.11.2012 00:29:50.009,1.28294,1.28287,1.50,2.25
05.11.2012 00:29:50.619,1.28297,1.28287,4.98,2.25
05.11.2012 00:29:53.919,1.28296,1.28286,1.50,1.88
05.11.2012 00:29:54.519,1.28295,1.28286,1.50,1.88
05.11.2012 00:29:55.149,1.28296,1.28286,1.50,2.63
05.11.2012 00:29:55.699,1.28296,1.28287,1.88,1.50
05.11.2012 00:29:56.239,1.28296,1.28285,1.88,2.25
05.11.2012 00:29:56.766,1.28296,1.28285,1.88,2.25
05.11.2012 00:30:03.499,1.28296,1.28287,1.50,1.50
05.11.2012 00:30:03.620,1.28297,1.28290,4.23,1.50
05.11.2012 00:30:04.034,1.28297,1.28291,3.48,1.50
05.11.2012 00:30:04.111,1.28304,1.28296,1.20,2.25
05.11.2012 00:30:04.239,1.28306,1.28297,3.00,1.50
05.11.2012 00:30:04.504,1.28304,1.28296,1.13,1.50
05.11.2012 00:30:05.051,1.28303,1.28293,1.50,2.25
05.11.2012 00:30:06.119,1.28303,1.28293,1.88,2.25
05.11.2012 00:30:06.680,1.28303,1.28294,1.13,1.50
05.11.2012 00:30:07.210,1.28303,1.28295,1.13,1.50
05.11.2012 00:30:07.748,1.28303,1.28295,1.13,1.50
05.11.2012 00:30:10.438,1.28303,1.28295,1.13,1.50
05.11.2012 00:30:12.989,1.28303,1.28295,1.88,2.25
05.11.2012 00:30:13.538,1.28303,1.28295,1.88,2.25
05.11.2012 00:30:14.098,1.28304,1.28296,2.25,1.50
05.11.2012 00:30:14.378,1.28305,1.28296,1.50,2.25
05.11.2012 00:30:15.177,1.28304,1.28297,1.88,2.25
05.11.2012 00:30:15.549,1.28302,1.28295,1.50,1.50
05.11.2012 00:30:15.609,1.28302,1.28295,1.50,2.25
05.11.2012 00:30:18.011,1.28304,1.28296,1.50,1.50
05.11.2012 00:30:18.558,1.28306,1.28299,1.88,1.50
05.11.2012 00:30:20.431,1.28301,1.28297,2.25,1.50
05.11.2012 00:30:20.750,1.28298,1.28291,1.50,1.78
05.11.2012 00:30:20.820,1.28296,1.28290,2.25,2.25
05.11.2012 00:30:20.889,1.28295,1.28289,1.50,1.50
05.11.2012 00:30:21.429,1.28296,1.28287,2.25,2.53
05.11.2012 00:30:21.489,1.28294,1.28287,1.50,1.78
05.11.2012 00:30:21.669,1.28294,1.28287,1.50,1.03
05.11.2012 00:30:26.299,1.28292,1.28283,1.50,3.28
05.11.2012 00:30:27.579,1.28292,1.28283,1.50,2.25
05.11.2012 00:30:27.700,1.28288,1.28281,1.50,1.78
05.11.2012 00:30:28.260,1.28288,1.28280,2.25,2.25
05.11.2012 00:30:28.718,1.28288,1.28280,2.25,2.25
05.11.2012 00:30:29.028,1.28284,1.28277,1.50,2.10
05.11.2012 00:30:30.119,1.28284,1.28277,1.50,1.35
05.11.2012 00:30:30.239,1.28281,1.28275,1.50,1.13
05.11.2012 00:30:31.712,1.28281,1.28275,1.50,1.13
05.11.2012 00:30:31.839,1.28284,1.28277,1.50,1.50
05.11.2012 00:30:31.899,1.28286,1.28279,1.65,1.50
05.11.2012 00:30:32.261,1.28287,1.28279,1.50,2.25
05.11.2012 00:30:32.819,1.28288,1.28281,1.50,1.50
05.11.2012 00:30:33.367,1.28289,1.28281,1.50,2.25
05.11.2012 00:30:36.508,1.28289,1.28281,1.50,2.25
05.11.2012 00:30:38.078,1.28289,1.28281,1.73,2.48
05.11.2012 00:30:44.239,1.28288,1.28280,2.48,1.73
05.11.2012 00:30:46.177,1.28288,1.28279,3.23,3.23
05.11.2012 00:30:46.480,1.28293,1.28288,2.73,4.28
05.11.2012 00:30:46.788,1.28299,1.28292,2.25,3.00
05.11.2012 00:30:46.909,1.28302,1.28296,2.25,1.78
05.11.2012 00:30:46.968,1.28305,1.28297,1.88,2.53
05.11.2012 00:30:47.090,1.28302,1.28298,2.48,1.50
05.11.2012 00:30:47.290,1.28306,1.28299,1.80,1.73
05.11.2012 00:30:47.668,1.28308,1.28300,3.15,1.73
05.11.2012 00:30:48.088,1.28307,1.28298,1.73,2.25
05.11.2012 00:30:48.748,1.28309,1.28300,3.98,2.48
05.11.2012 00:30:50.208,1.28309,1.28301,1.35,3.23
05.11.2012 00:30:50.808,1.28309,1.28301,3.23,1.35
05.11.2012 00:30:52.579,1.28308,1.28298,3.23,2.48
05.11.2012 00:30:53.177,1.28305,1.28298,1.50,1.73
05.11.2012 00:30:53.557,1.28309,1.28300,1.73,3.23
05.11.2012 00:30:55.369,1.28309,1.28301,1.73,1.73
05.11.2012 00:30:55.667,1.28306,1.28299,3.00,1.35
05.11.2012 00:30:58.777,1.28306,1.28298,1.50,3.23
05.11.2012 00:30:59.278,1.28306,1.28298,2.25,2.48
05.11.2012 00:31:00.630,1.28306,1.28298,1.73,3.23
05.11.2012 00:31:00.988,1.28306,1.28298,1.73,3.23
05.11.2012 00:31:01.717,1.28305,1.28298,1.50,3.23
05.11.2012 00:31:02.018,1.28308,1.28300,3.48,3.23
05.11.2012 00:31:02.377,1.28308,1.28300,1.50,3.23
05.11.2012 00:31:02.443,1.28309,1.28302,2.48,1.73
05.11.2012 00:31:03.718,1.28307,1.28299,2.10,2.85
05.11.2012 00:31:08.558,1.28308,1.28301,2.96,1.73
05.11.2012 00:31:08.690,1.28310,1.28303,3.71,2.48
05.11.2012 00:31:12.138,1.28310,1.28302,5.96,1.50
05.11.2012 00:31:14.798,1.28309,1.28301,1.73,1.73
05.11.2012 00:31:16.120,1.28309,1.28302,1.73,1.50
05.11.2012 00:31:16.309,1.28308,1.28300,1.73,3.23
05.11.2012 00:31:16.847,1.28307,1.28300,1.73,1.73
05.11.2012 00:31:17.590,1.28308,1.28303,3.48,1.50
05.11.2012 00:31:17.958,1.28310,1.28304,2.96,1.50
05.11.2012 00:31:18.139,1.28310,1.28306,2.96,2.25
05.11.2012 00:31:18.326,1.28314,1.28307,1.73,2.85
05.11.2012 00:31:18.630,1.28318,1.28309,2.48,3.98
05.11.2012 00:31:18.989,1.28318,1.28311,3.48,1.50
05.11.2012 00:31:19.109,1.28322,1.28312,5.96,2.48
05.11.2012 00:31:19.912,1.28320,1.28312,1.50,2.48
05.11.2012 00:31:20.468,1.28322,1.28313,3.23,1.73
05.11.2012 00:31:20.722,1.28322,1.28313,2.48,1.73
05.11.2012 00:31:21.705,1.28323,1.28315,2.48,1.73
05.11.2012 00:31:23.358,1.28323,1.28315,1.73,1.73
05.11.2012 00:31:23.909,1.28323,1.28315,1.73,1.73
05.11.2012 00:31:24.779,1.28323,1.28315,1.73,1.73
05.11.2012 00:31:25.638,1.28324,1.28316,4.91,1.73
05.11.2012 00:31:25.759,1.28324,1.28316,2.18,2.48
05.11.2012 00:31:26.238,1.28324,1.28317,2.85,1.73
05.11.2012 00:31:26.789,1.28324,1.28315,3.98,1.73
05.11.2012 00:31:29.401,1.28323,1.28315,1.73,1.73
05.11.2012 00:31:30.499,1.28325,1.28317,3.23,1.73
05.11.2012 00:31:33.958,1.28322,1.28315,1.50,1.73
05.11.2012 00:31:34.089,1.28321,1.28314,1.73,1.73
05.11.2012 00:31:34.628,1.28321,1.28314,1.73,1.73
05.11.2012 00:31:35.163,1.28322,1.28314,3.23,1.73
05.11.2012 00:31:36.738,1.28321,1.28312,1.73,2.00
05.11.2012 00:31:37.278,1.28322,1.28313,2.85,1.73
05.11.2012 00:31:39.747,1.28320,1.28311,1.73,2.48
05.11.2012 00:31:48.608,1.28321,1.28312,1.73,3.98
05.11.2012 00:31:49.717,1.28320,1.28312,1.73,3.23
05.11.2012 00:31:51.017,1.28321,1.28313,1.73,1.73
05.11.2012 00:31:53.238,1.28322,1.28314,2.10,2.25
05.11.2012 00:31:53.648,1.28322,1.28314,2.63,2.25
05.11.2012 00:31:54.637,1.28322,1.28314,2.78,2.48
05.11.2012 00:31:55.697,1.28322,1.28315,1.50,1.50
05.11.2012 00:31:56.257,1.28322,1.28314,2.40,2.48
05.11.2012 00:31:59.608,1.28321,1.28313,1.73,2.48
05.11.2012 00:32:08.148,1.28322,1.28315,3.23,1.50
05.11.2012 00:32:09.369,1.28320,1.28314,4.73,1.73
05.11.2012 00:32:09.428,1.28317,1.28312,1.50,2.25
05.11.2012 00:32:09.549,1.28314,1.28307,1.58,2.10
05.11.2012 00:32:09.608,1.28315,1.28307,2.48,1.63
05.11.2012 00:32:09.729,1.28312,1.28305,2.48,2.63
05.11.2012 00:32:10.456,1.28315,1.28307,1.50,1.35
05.11.2012 00:32:10.531,1.28312,1.28305,2.48,1.88
05.11.2012 00:32:10.658,1.28312,1.28304,2.48,1.35
05.11.2012 00:32:11.078,1.28313,1.28304,1.73,2.10
05.11.2012 00:32:16.278,1.28313,1.28305,4.35,1.50
05.11.2012 00:32:17.378,1.28313,1.28305,2.63,3.00
05.11.2012 00:32:17.438,1.28313,1.28307,2.10,1.73
05.11.2012 00:32:17.558,1.28317,1.28310,1.95,1.50
05.11.2012 00:32:17.859,1.28323,1.28314,1.73,4.58
05.11.2012 00:32:17.919,1.28321,1.28314,1.50,4.35
05.11.2012 00:32:18.101,1.28323,1.28318,1.35,1.73
05.11.2012 00:32:25.608,1.28324,1.28317,1.73,1.73
05.11.2012 00:32:26.207,1.28324,1.28317,1.73,1.73
05.11.2012 00:32:33.137,1.28323,1.28315,1.73,2.48
05.11.2012 00:32:33.619,1.28324,1.28317,1.73,2.48
05.11.2012 00:32:34.159,1.28324,1.28318,1.73,1.73
05.11.2012 00:32:36.548,1.28324,1.28316,2.48,1.73
05.11.2012 00:32:38.887,1.28322,1.28316,1.73,1.73
05.11.2012 00:32:39.547,1.28322,1.28316,1.73,1.73
05.11.2012 00:32:47.488,1.28322,1.28315,2.48,1.73
05.11.2012 00:32:49.908,1.28323,1.28315,1.73,1.73
05.11.2012 00:32:49.968,1.28323,1.28315,1.73,1.73
05.11.2012 00:33:02.559,1.28325,1.28319,1.73,1.73
05.11.2012 00:33:24.858,1.28323,1.28316,1.73,1.73
05.11.2012 00:33:25.098,1.28324,1.28316,1.73,1.73
05.11.2012 00:33:25.802,1.28324,1.28316,1.73,1.73
05.11.2012 00:33:33.949,1.28326,1.28318,3.00,1.73
05.11.2012 00:33:34.069,1.28326,1.28321,1.73,2.48
05.11.2012 00:33:34.190,1.28329,1.28322,1.50,2.48
05.11.2012 00:33:34.771,1.28331,1.28323,1.73,1.73
05.11.2012 00:33:34.971,1.28331,1.28324,1.73,1.73
05.11.2012 00:33:35.520,1.28329,1.28322,1.73,1.73
05.11.2012 00:33:39.538,1.28331,1.28324,1.73,1.73
05.11.2012 00:33:42.158,1.28330,1.28324,1.73,1.50
05.11.2012 00:33:42.714,1.28329,1.28322,1.73,2.10
05.11.2012 00:33:42.784,1.28326,1.28320,2.10,2.25
05.11.2012 00:33:43.038,1.28327,1.28320,1.35,1.73
05.11.2012 00:33:43.628,1.28328,1.28321,2.48,1.73
05.11.2012 00:33:52.919,1.28330,1.28322,2.10,1.73
05.11.2012 00:33:53.708,1.28329,1.28322,1.73,1.73
05.11.2012 00:34:12.248,1.28327,1.28320,1.73,2.85
05.11.2012 00:34:14.228,1.28327,1.28320,1.73,2.85
05.11.2012 00:34:15.469,1.28330,1.28322,1.73,1.73
05.11.2012 00:34:16.448,1.28329,1.28322,2.48,1.50
05.11.2012 00:34:16.978,1.28327,1.28320,1.73,3.23
05.11.2012 00:34:19.554,1.28328,1.28321,1.73,1.73
05.11.2012 00:34:19.875,1.28328,1.28321,1.73,1.73
05.11.2012 00:34:20.800,1.28326,1.28319,1.50,1.35
05.11.2012 00:34:20.858,1.28325,1.28319,1.50,1.13
05.11.2012 00:34:21.039,1.28323,1.28316,1.50,1.73
05.11.2012 00:34:21.340,1.28324,1.28317,1.13,1.50
05.11.2012 00:34:21.879,1.28322,1.28314,1.50,1.50
05.11.2012 00:34:21.939,1.28321,1.28314,1.50,1.50
05.11.2012 00:34:23.639,1.28321,1.28314,1.50,1.50
05.11.2012 00:34:23.879,1.28318,1.28311,1.50,1.88
05.11.2012 00:34:26.905,1.28318,1.28311,1.50,1.50
05.11.2012 00:34:27.751,1.28321,1.28312,1.35,2.48
05.11.2012 00:34:56.138,1.28321,1.28313,2.48,1.50
05.11.2012 00:34:56.659,1.28321,1.28313,2.48,1.50
05.11.2012 00:34:58.968,1.28321,1.28314,2.48,1.50
05.11.2012 00:35:04.718,1.28321,1.28313,2.48,2.25
05.11.2012 00:35:13.229,1.28321,1.28314,2.48,2.48
05.11.2012 00:35:13.778,1.28323,1.28316,1.73,1.73
05.11.2012 00:35:30.279,1.28321,1.28312,1.73,3.98
05.11.2012 00:35:30.458,1.28321,1.28312,1.73,3.23
05.11.2012 00:35:35.788,1.28321,1.28312,1.73,3.23
05.11.2012 00:35:36.328,1.28321,1.28312,1.73,3.98
05.11.2012 00:35:43.991,1.28321,1.28313,1.73,1.73
05.11.2012 00:35:48.999,1.28321,1.28312,1.73,3.23
05.11.2012 00:35:52.179,1.28320,1.28312,1.50,3.00
05.11.2012 00:36:02.238,1.28321,1.28314,1.73,1.73
05.11.2012 00:36:02.804,1.28321,1.28312,2.48,3.98
05.11.2012 00:36:03.688,1.28321,1.28312,1.73,3.98
05.11.2012 00:36:05.138,1.28321,1.28312,1.73,2.48
05.11.2012 00:36:05.679,1.28319,1.28311,2.48,1.73
05.11.2012 00:36:07.871,1.28319,1.28310,2.48,3.23
05.11.2012 00:36:11.391,1.28317,1.28312,1.73,1.50
05.11.2012 00:36:11.521,1.28316,1.28310,1.09,1.73
05.11.2012 00:36:11.833,1.28312,1.28306,1.50,2.48
05.11.2012 00:36:11.960,1.28310,1.28304,1.73,1.35
05.11.2012 00:36:12.198,1.28308,1.28302,1.73,2.48
05.11.2012 00:36:13.247,1.28311,1.28304,1.35,2.48
05.11.2012 00:36:29.808,1.28310,1.28303,1.73,1.73
05.11.2012 00:36:29.869,1.28309,1.28301,1.73,2.48
05.11.2012 00:36:33.790,1.28309,1.28302,1.73,1.73
05.11.2012 00:36:33.851,1.28304,1.28301,1.50,1.50
05.11.2012 00:36:33.979,1.28304,1.28295,2.25,3.45
05.11.2012 00:36:34.039,1.28301,1.28296,1.73,1.78
05.11.2012 00:36:34.159,1.28300,1.28294,1.73,1.73
05.11.2012 00:36:34.404,1.28300,1.28292,1.73,1.73
05.11.2012 00:36:34.648,1.28300,1.28292,1.73,1.73
05.11.2012 00:36:34.768,1.28301,1.28294,2.25,1.50
05.11.2012 00:36:35.010,1.28303,1.28296,2.25,2.25
05.11.2012 00:36:35.249,1.28306,1.28300,1.35,1.73
05.11.2012 00:36:35.798,1.28304,1.28298,1.73,1.50
05.11.2012 00:36:36.300,1.28305,1.28299,1.73,1.73
05.11.2012 00:36:40.348,1.28303,1.28297,1.50,1.73
05.11.2012 00:36:40.709,1.28298,1.28291,1.50,1.50
05.11.2012 00:36:41.959,1.28297,1.28290,1.50,3.23
05.11.2012 00:36:43.468,1.28298,1.28292,1.50,1.50
05.11.2012 00:36:44.460,1.28299,1.28293,3.08,2.25
05.11.2012 00:36:44.585,1.28299,1.28293,2.59,1.73
05.11.2012 00:36:44.650,1.28302,1.28295,2.63,1.50
05.11.2012 00:36:44.830,1.28302,1.28295,3.64,2.25
05.11.2012 00:36:45.009,1.28301,1.28292,2.48,2.48
05.11.2012 00:36:45.369,1.28298,1.28293,2.85,1.50
05.11.2012 00:36:45.428,1.28298,1.28291,3.08,1.78
05.11.2012 00:36:47.616,1.28298,1.28292,2.85,1.50
05.11.2012 00:36:50.280,1.28297,1.28290,1.50,2.48
05.11.2012 00:36:50.339,1.28296,1.28289,1.73,1.73
05.11.2012 00:36:50.399,1.28296,1.28288,1.73,2.85
05.11.2012 00:36:50.700,1.28292,1.28284,2.48,1.50
05.11.2012 00:36:50.820,1.28294,1.28288,1.73,1.73
05.11.2012 00:36:51.328,1.28295,1.28288,2.22,2.48
05.11.2012 00:36:51.848,1.28295,1.28289,1.99,1.50
05.11.2012 00:36:52.448,1.28295,1.28288,1.84,1.73
05.11.2012 00:36:52.869,1.28298,1.28291,2.59,1.50
05.11.2012 00:36:52.929,1.28298,1.28290,2.59,2.48
05.11.2012 00:36:53.228,1.28299,1.28293,2.48,1.73
05.11.2012 00:36:53.778,1.28300,1.28293,2.48,1.73
05.11.2012 00:36:58.518,1.28299,1.28291,1.73,3.23
05.11.2012 00:36:58.638,1.28299,1.28291,1.73,3.23
05.11.2012 00:36:59.149,1.28300,1.28293,2.48,1.50
05.11.2012 00:37:00.398,1.28300,1.28293,2.48,1.50
05.11.2012 00:37:17.950,1.28300,1.28293,2.48,1.50
05.11.2012 00:37:22.768,1.28300,1.28291,3.23,2.48
05.11.2012 00:37:23.072,1.28295,1.28283,12.76,1.64
05.11.2012 00:37:23.381,1.28287,1.28279,1.73,1.43
05.11.2012 00:37:23.451,1.28285,1.28281,1.73,1.28
05.11.2012 00:37:23.510,1.28291,1.28281,3.00,1.28
05.11.2012 00:37:23.582,1.28285,1.28281,1.73,1.05
05.11.2012 00:37:26.969,1.28286,1.28279,1.50,1.73
05.11.2012 00:37:27.090,1.28287,1.28280,1.73,2.48
05.11.2012 00:37:33.429,1.28288,1.28282,1.84,1.50
05.11.2012 00:37:33.958,1.28289,1.28282,1.73,1.73
05.11.2012 00:37:46.900,1.28289,1.28282,1.73,1.73
05.11.2012 00:37:47.493,1.28289,1.28282,1.73,1.73
05.11.2012 00:38:18.383,1.28291,1.28285,1.50,1.50
05.11.2012 00:38:18.582,1.28293,1.28286,1.73,1.58
05.11.2012 00:38:18.710,1.28294,1.28286,1.73,1.95
05.11.2012 00:38:29.699,1.28295,1.28288,1.73,6.08
05.11.2012 00:38:29.941,1.28297,1.28290,1.50,2.25
05.11.2012 00:38:30.415,1.28300,1.28294,1.35,4.35
05.11.2012 00:38:30.480,1.28300,1.28296,1.35,1.50
05.11.2012 00:38:30.601,1.28304,1.28297,3.00,2.48
05.11.2012 00:38:30.663,1.28307,1.28301,1.13,5.10
05.11.2012 00:38:30.791,1.28311,1.28305,3.45,2.48
05.11.2012 00:38:30.910,1.28312,1.28306,3.00,2.48
05.11.2012 00:38:31.149,1.28310,1.28304,5.03,2.48
05.11.2012 00:38:31.269,1.28310,1.28304,6.00,1.50
05.11.2012 00:38:32.629,1.28310,1.28304,1.73,1.50
05.11.2012 00:38:39.409,1.28310,1.28303,1.73,2.33
05.11.2012 00:38:47.379,1.28309,1.28302,2.48,2.48
05.11.2012 00:38:50.569,1.28309,1.28303,1.50,1.50
05.11.2012 00:39:00.140,1.28311,1.28304,3.23,1.73
05.11.2012 00:39:00.440,1.28311,1.28305,1.50,1.88
05.11.2012 00:39:00.741,1.28318,1.28312,1.50,1.73
05.11.2012 00:39:01.290,1.28320,1.28314,1.73,1.73
05.11.2012 00:39:01.362,1.28320,1.28314,1.73,1.73
05.11.2012 00:39:01.868,1.28320,1.28314,1.73,1.73
05.11.2012 00:39:02.829,1.28320,1.28316,1.50,1.50
05.11.2012 00:39:03.471,1.28327,1.28321,2.10,5.33
05.11.2012 00:39:03.548,1.28328,1.28321,1.73,5.33
05.11.2012 00:39:04.104,1.28333,1.28322,2.48,1.50
05.11.2012 00:39:10.980,1.28330,1.28325,1.50,1.50
05.11.2012 00:39:11.103,1.28331,1.28327,2.48,2.33
05.11.2012 00:39:11.244,1.28335,1.28328,1.50,1.73
05.11.2012 00:39:11.316,1.28337,1.28330,3.71,1.73
05.11.2012 00:39:11.861,1.28338,1.28331,2.48,2.85
05.11.2012 00:39:12.281,1.28335,1.28329,1.50,1.50
05.11.2012 00:39:12.339,1.28335,1.28327,1.50,2.25
05.11.2012 00:39:12.399,1.28332,1.28326,1.50,2.63
05.11.2012 00:39:12.709,1.28330,1.28325,2.25,1.88
05.11.2012 00:39:13.190,1.28330,1.28322,3.00,1.50
05.11.2012 00:39:14.859,1.28330,1.28324,2.25,1.50
05.11.2012 00:39:15.349,1.28332,1.28324,3.75,2.25
05.11.2012 00:39:15.879,1.28332,1.28324,3.75,2.25
05.11.2012 00:39:16.679,1.28332,1.28324,3.75,2.25
05.11.2012 00:39:26.959,1.28332,1.28324,2.25,2.25
05.11.2012 00:39:27.741,1.28333,1.28324,4.24,2.25
05.11.2012 00:39:30.288,1.28333,1.28325,4.62,1.50
05.11.2012 00:39:35.722,1.28333,1.28328,3.23,3.60
05.11.2012 00:39:35.918,1.28337,1.28330,1.17,2.48
05.11.2012 00:39:36.471,1.28338,1.28331,1.35,2.48
05.11.2012 00:39:37.559,1.28338,1.28330,3.71,3.60
05.11.2012 00:39:44.909,1.28338,1.28330,4.46,2.48
05.11.2012 00:39:46.890,1.28336,1.28329,2.37,1.88
05.11.2012 00:39:47.249,1.28330,1.28325,1.50,1.13
05.11.2012 00:39:48.340,1.28330,1.28322,1.73,2.10
05.11.2012 00:39:53.701,1.28331,1.28323,6.07,1.50
05.11.2012 00:39:54.155,1.28331,1.28323,2.48,1.73
05.11.2012 00:39:54.760,1.28333,1.28324,5.10,2.48
05.11.2012 00:39:55.299,1.28331,1.28324,1.73,1.50
05.11.2012 00:39:55.829,1.28330,1.28323,1.50,2.25
05.11.2012 00:39:56.501,1.28330,1.28323,2.48,1.73
05.11.2012 00:40:01.209,1.28330,1.28322,3.23,1.73
05.11.2012 00:40:01.389,1.28325,1.28321,1.50,1.50
05.11.2012 00:40:01.690,1.28323,1.28316,2.10,1.50
05.11.2012 00:40:01.750,1.28322,1.28317,1.73,1.50
05.11.2012 00:40:01.809,1.28320,1.28314,2.48,1.43
05.11.2012 00:40:02.492,1.28319,1.28312,1.73,2.48
05.11.2012 00:40:03.389,1.28319,1.28312,1.73,1.73
05.11.2012 00:40:03.869,1.28319,1.28310,1.73,4.40
05.11.2012 00:40:03.930,1.28315,1.28310,1.73,3.65
05.11.2012 00:40:03.990,1.28313,1.28310,1.50,1.03
05.11.2012 00:40:04.049,1.28313,1.28306,2.25,2.25
05.11.2012 00:40:04.469,1.28312,1.28305,1.73,2.10
05.11.2012 00:40:04.709,1.28313,1.28306,2.48,2.25
05.11.2012 00:40:05.010,1.28316,1.28312,1.50,1.73
05.11.2012 00:40:05.071,1.28318,1.28312,1.30,1.73
05.11.2012 00:40:05.442,1.28319,1.28314,1.50,1.50
05.11.2012 00:40:05.678,1.28323,1.28315,2.25,1.50
05.11.2012 00:40:06.909,1.28323,1.28315,1.50,1.50
05.11.2012 00:40:12.353,1.28323,1.28316,1.50,1.50
05.11.2012 00:40:18.941,1.28323,1.28315,1.50,2.25
05.11.2012 00:40:22.068,1.28323,1.28315,1.50,2.25
05.11.2012 00:40:24.389,1.28321,1.28314,1.50,1.50
05.11.2012 00:40:24.929,1.28323,1.28317,2.85,1.50
05.11.2012 00:40:36.830,1.28325,1.28317,1.50,2.25
05.11.2012 00:40:37.011,1.28326,1.28318,3.30,1.50
05.11.2012 00:40:43.069,1.28327,1.28319,3.68,2.25
05.11.2012 00:40:43.189,1.28327,1.28320,1.95,3.00
05.11.2012 00:40:43.430,1.28328,1.28320,2.48,3.60
05.11.2012 00:40:43.969,1.28329,1.28322,1.50,1.50
05.11.2012 00:40:47.843,1.28329,1.28322,1.73,1.50
05.11.2012 00:40:50.439,1.28331,1.28322,3.00,2.25
05.11.2012 00:40:50.499,1.28331,1.28324,2.48,1.50
05.11.2012 00:40:51.040,1.28331,1.28324,2.48,2.25
05.11.2012 00:40:52.879,1.28330,1.28323,1.73,1.73
05.11.2012 00:40:54.979,1.28330,1.28323,1.73,1.73
05.11.2012 00:40:56.430,1.28330,1.28323,1.73,2.48
05.11.2012 00:41:02.842,1.28331,1.28323,2.48,3.23
05.11.2012 00:41:02.911,1.28332,1.28326,1.13,1.50
05.11.2012 00:41:03.091,1.28335,1.28328,5.73,2.48
05.11.2012 00:41:03.392,1.28336,1.28330,4.13,2.85
05.11.2012 00:41:03.771,1.28339,1.28334,1.73,1.50
05.11.2012 00:41:04.309,1.28338,1.28332,1.73,1.13
05.11.2012 00:41:06.979,1.28338,1.28331,1.73,2.48
05.11.2012 00:41:07.040,1.28339,1.28332,1.73,1.73
05.11.2012 00:41:07.579,1.28341,1.28332,3.98,1.73
05.11.2012 00:41:09.102,1.28341,1.28332,3.98,1.73
05.11.2012 00:41:10.220,1.28341,1.28332,3.98,2.48
05.11.2012 00:41:13.549,1.28341,1.28335,3.00,1.50
05.11.2012 00:41:13.792,1.28343,1.28337,1.73,1.50
05.11.2012 00:41:14.307,1.28343,1.28335,2.48,2.48
05.11.2012 00:41:14.874,1.28341,1.28335,2.48,1.50
05.11.2012 00:41:14.949,1.28340,1.28333,2.48,2.85
05.11.2012 00:41:16.649,1.28340,1.28333,2.48,1.73
05.11.2012 00:41:22.141,1.28341,1.28334,3.98,1.73
05.11.2012 00:41:26.729,1.28340,1.28333,2.48,1.73
05.11.2012 00:41:30.620,1.28340,1.28333,2.48,1.50
05.11.2012 00:41:32.253,1.28341,1.28334,1.73,1.73
05.11.2012 00:41:32.799,1.28340,1.28333,1.73,1.50
05.11.2012 00:41:33.979,1.28340,1.28333,2.48,1.50
05.11.2012 00:41:34.770,1.28340,1.28333,1.73,1.50
05.11.2012 00:41:35.489,1.28339,1.28331,1.73,2.48
05.11.2012 00:41:36.140,1.28340,1.28331,3.23,2.48
05.11.2012 00:41:36.921,1.28338,1.28331,1.50,1.50
05.11.2012 00:41:37.041,1.28335,1.28330,1.50,3.98
05.11.2012 00:41:37.101,1.28333,1.28327,1.73,3.02
05.11.2012 00:41:37.161,1.28332,1.28323,4.10,1.50
05.11.2012 00:41:37.521,1.28328,1.28323,1.50,3.00
05.11.2012 00:41:38.250,1.28325,1.28320,1.73,1.73
05.11.2012 00:41:38.431,1.28321,1.28316,2.25,2.10
05.11.2012 00:41:38.810,1.28320,1.28313,1.73,1.50
05.11.2012 00:41:39.356,1.28320,1.28312,1.73,2.10
05.11.2012 00:41:41.500,1.28322,1.28313,3.23,3.00
05.11.2012 00:41:41.620,1.28322,1.28313,3.23,3.23
05.11.2012 00:41:44.450,1.28323,1.28315,2.48,2.48
05.11.2012 00:41:46.099,1.28323,1.28315,2.48,2.48
05.11.2012 00:41:47.740,1.28323,1.28315,1.73,3.23
05.11.2012 00:41:47.921,1.28325,1.28318,3.48,1.73
05.11.2012 00:41:47.990,1.28328,1.28321,2.25,1.73
05.11.2012 00:41:48.049,1.28328,1.28323,2.25,2.48
05.11.2012 00:41:48.231,1.28331,1.28325,1.73,1.73
05.11.2012 00:41:48.543,1.28332,1.28325,2.48,1.73
05.11.2012 00:41:52.829,1.28334,1.28328,3.72,1.50
05.11.2012 00:41:52.892,1.28334,1.28328,2.25,1.73
05.11.2012 00:41:53.019,1.28335,1.28329,1.73,2.48
05.11.2012 00:41:53.203,1.28335,1.28328,3.34,2.25
05.11.2012 00:41:53.450,1.28333,1.28326,3.98,1.50
05.11.2012 00:41:53.570,1.28335,1.28328,3.98,1.50
05.11.2012 00:41:53.629,1.28334,1.28326,2.48,3.00
05.11.2012 00:41:56.290,1.28333,1.28326,2.48,1.50
05.11.2012 00:42:05.792,1.28331,1.28324,1.73,3.60
05.11.2012 00:42:05.861,1.28331,1.28324,2.48,2.85
05.11.2012 00:42:05.920,1.28331,1.28324,2.48,2.63
05.11.2012 00:42:11.969,1.28331,1.28324,2.48,1.50
05.11.2012 00:42:14.841,1.28331,1.28323,2.48,1.73
05.11.2012 00:42:15.770,1.28332,1.28324,2.10,1.50
05.11.2012 00:42:15.832,1.28332,1.28324,2.10,1.73
05.11.2012 00:42:16.849,1.28332,1.28323,3.98,3.23
05.11.2012 00:42:18.109,1.28332,1.28323,3.98,2.48
05.11.2012 00:42:26.659,1.28331,1.28323,1.73,1.73
05.11.2012 00:42:37.669,1.28331,1.28322,3.23,1.73
05.11.2012 00:42:57.493,1.28328,1.28320,3.23,2.48
05.11.2012 00:42:57.562,1.28324,1.28319,1.13,3.60
05.11.2012 00:42:57.800,1.28323,1.28316,1.73,1.50
05.11.2012 00:42:58.040,1.28320,1.28314,1.50,1.50
05.11.2012 00:42:58.549,1.28319,1.28312,1.50,1.50
05.11.2012 00:42:59.069,1.28320,1.28312,2.25,1.50
05.11.2012 00:43:10.799,1.28320,1.28313,1.50,1.50
05.11.2012 00:43:24.640,1.28319,1.28312,2.48,1.50
05.11.2012 00:43:24.699,1.28319,1.28312,2.48,2.25
05.11.2012 00:43:38.579,1.28318,1.28311,1.73,1.50
05.11.2012 00:43:39.119,1.28319,1.28311,2.63,3.00
05.11.2012 00:43:41.058,1.28318,1.28311,1.73,2.25
05.11.2012 00:43:59.079,1.28315,1.28309,1.73,2.75
05.11.2012 00:43:59.140,1.28314,1.28308,2.25,1.50
05.11.2012 00:43:59.673,1.28311,1.28304,2.48,1.73
05.11.2012 00:44:00.109,1.28311,1.28303,2.48,3.23
05.11.2012 00:44:23.869,1.28310,1.28302,1.73,4.20
05.11.2012 00:45:20.760,1.28307,1.28301,2.25,5.00
05.11.2012 00:45:21.059,1.28305,1.28298,2.25,2.48
05.11.2012 00:45:21.479,1.28305,1.28297,1.73,1.73
05.11.2012 00:45:23.741,1.28305,1.28298,1.73,2.48
05.11.2012 00:45:24.042,1.28308,1.28301,2.25,1.50
05.11.2012 00:45:24.100,1.28308,1.28301,1.73,1.50
05.11.2012 00:45:25.909,1.28308,1.28300,2.48,3.60
05.11.2012 00:45:26.450,1.28308,1.28300,2.48,2.85
05.11.2012 00:45:32.458,1.28308,1.28300,1.73,3.23
05.11.2012 00:45:34.430,1.28310,1.28302,4.73,1.73
05.11.2012 00:45:37.520,1.28311,1.28303,2.25,4.85
05.11.2012 00:45:37.580,1.28312,1.28304,2.48,1.73
05.11.2012 00:45:38.429,1.28311,1.28303,1.50,5.33
05.11.2012 00:45:40.450,1.28311,1.28304,2.25,1.73
05.11.2012 00:45:41.120,1.28311,1.28303,1.50,2.48
05.11.2012 00:45:41.788,1.28311,1.28303,1.50,2.48
05.11.2012 00:45:54.450,1.28312,1.28304,2.48,1.73
05.11.2012 00:45:55.000,1.28312,1.28304,1.73,2.48
05.11.2012 00:46:04.081,1.28312,1.28304,1.73,3.23
05.11.2012 00:46:08.294,1.28308,1.28302,1.73,2.48
05.11.2012 00:46:08.600,1.28310,1.28304,1.58,1.73
05.11.2012 00:46:22.689,1.28311,1.28304,3.08,2.10
05.11.2012 00:46:24.603,1.28312,1.28308,2.25,1.50
05.11.2012 00:46:24.790,1.28316,1.28308,3.83,1.73
05.11.2012 00:46:27.231,1.28312,1.28307,1.50,2.25
05.11.2012 00:46:27.635,1.28313,1.28307,1.73,2.48
05.11.2012 00:46:27.704,1.28313,1.28305,4.58,2.10
05.11.2012 00:46:28.189,1.28311,1.28305,4.58,1.13
05.11.2012 00:46:57.011,1.28310,1.28302,1.73,3.23
05.11.2012 00:46:57.130,1.28309,1.28301,3.75,2.75
05.11.2012 00:46:57.898,1.28309,1.28301,3.98,2.48
05.11.2012 00:47:02.590,1.28309,1.28302,1.73,1.73
05.11.2012 00:48:07.259,1.28311,1.28303,1.73,1.73
05.11.2012 00:48:15.159,1.28310,1.28302,1.73,2.10
05.11.2012 00:48:19.511,1.28310,1.28302,1.73,2.10
05.11.2012 00:48:20.609,1.28310,1.28302,2.48,1.73
05.11.2012 00:48:25.322,1.28305,1.28299,2.25,3.75
05.11.2012 00:48:25.562,1.28302,1.28297,2.33,1.50
05.11.2012 00:48:25.750,1.28302,1.28297,2.10,2.33
05.11.2012 00:48:25.930,1.28302,1.28296,2.33,1.50
05.11.2012 00:48:26.470,1.28302,1.28296,2.33,1.73
05.11.2012 00:48:27.520,1.28302,1.28295,2.33,1.73
05.11.2012 00:48:38.952,1.28303,1.28296,1.73,3.83
05.11.2012 00:48:39.012,1.28304,1.28296,2.48,4.58
05.11.2012 00:48:39.550,1.28305,1.28297,3.23,1.73
05.11.2012 00:48:49.110,1.28305,1.28299,1.73,1.50
05.11.2012 00:48:49.475,1.28307,1.28301,1.73,3.23
05.11.2012 00:48:50.952,1.28309,1.28302,3.98,1.50
05.11.2012 00:49:01.358,1.28309,1.28302,3.23,1.50
05.11.2012 00:49:09.528,1.28309,1.28302,3.23,1.50
05.11.2012 00:49:33.491,1.28308,1.28300,3.98,3.98
05.11.2012 00:49:33.851,1.28305,1.28299,1.50,2.48
05.11.2012 00:49:34.211,1.28305,1.28296,2.48,4.25
05.11.2012 00:50:04.351,1.28306,1.28297,3.98,1.73
05.11.2012 00:50:05.231,1.28303,1.28296,3.23,1.73
05.11.2012 00:50:05.590,1.28304,1.28296,1.73,2.48
05.11.2012 00:50:10.461,1.28305,1.28298,3.23,1.73
05.11.2012 00:50:10.774,1.28308,1.28301,1.88,2.25
05.11.2012 00:50:11.021,1.28308,1.28301,2.10,2.48
05.11.2012 00:50:12.600,1.28310,1.28304,1.50,1.50
05.11.2012 00:50:12.660,1.28310,1.28304,1.73,1.73
05.11.2012 00:50:24.000,1.28311,1.28304,1.73,1.73
05.11.2012 00:50:32.970,1.28311,1.28304,1.73,1.73
05.11.2012 00:50:41.168,1.28311,1.28305,1.50,1.50
05.11.2012 00:50:43.260,1.28313,1.28306,2.10,1.73
05.11.2012 00:50:43.320,1.28314,1.28308,2.63,1.50
05.11.2012 00:50:43.380,1.28315,1.28309,4.08,1.50
05.11.2012 00:50:43.619,1.28316,1.28310,2.25,1.50
05.11.2012 00:50:43.802,1.28318,1.28312,3.71,3.38
05.11.2012 00:50:43.921,1.28321,1.28315,2.48,1.50
05.11.2012 00:50:44.432,1.28321,1.28313,5.21,1.73
05.11.2012 00:50:45.469,1.28321,1.28314,3.71,1.28
05.11.2012 00:50:46.490,1.28321,1.28314,3.71,1.28
05.11.2012 00:50:52.982,1.28321,1.28314,1.73,1.50
05.11.2012 00:50:53.049,1.28321,1.28315,1.50,1.50
05.11.2012 00:50:55.198,1.28321,1.28313,1.73,3.00
05.11.2012 00:50:56.611,1.28321,1.28314,1.73,1.50
05.11.2012 00:50:57.800,1.28321,1.28315,1.73,1.50
05.11.2012 00:50:59.812,1.28322,1.28316,2.96,2.25
05.11.2012 00:50:59.870,1.28323,1.28317,3.71,2.25
05.11.2012 00:51:00.170,1.28330,1.28319,5.28,1.73
05.11.2012 00:51:00.290,1.28326,1.28320,3.71,1.50
05.11.2012 00:51:00.410,1.28327,1.28320,2.48,2.48
05.11.2012 00:51:00.710,1.28327,1.28319,3.23,3.23
05.11.2012 00:51:01.500,1.28326,1.28319,1.84,2.48
05.11.2012 00:51:04.941,1.28326,1.28319,1.73,1.73
05.11.2012 00:51:05.000,1.28326,1.28320,1.50,1.73
05.11.2012 00:51:05.241,1.28329,1.28323,3.97,1.73
05.11.2012 00:51:05.601,1.28331,1.28325,1.50,2.48
05.11.2012 00:51:05.980,1.28332,1.28325,1.73,2.48
05.11.2012 00:51:06.512,1.28332,1.28325,1.73,2.48
05.11.2012 00:51:10.680,1.28333,1.28325,1.73,3.23
05.11.2012 00:51:21.361,1.28340,1.28328,2.25,3.00
05.11.2012 00:51:21.664,1.28339,1.28330,5.93,1.73
05.11.2012 00:51:22.319,1.28337,1.28330,3.23,1.50
05.11.2012 00:51:24.279,1.28336,1.28329,2.48,1.50
05.11.2012 00:51:25.760,1.28338,1.28330,1.73,2.25
05.11.2012 00:51:25.820,1.28339,1.28331,3.87,3.00
05.11.2012 00:51:31.131,1.28339,1.28333,1.50,1.50
05.11.2012 00:51:31.195,1.28339,1.28333,1.50,1.50
05.11.2012 00:51:31.870,1.28339,1.28333,1.50,1.50
05.11.2012 00:51:40.360,1.28339,1.28333,1.50,1.50
05.11.2012 00:51:41.309,1.28339,1.28333,1.50,1.88
05.11.2012 00:51:42.293,1.28339,1.28333,1.50,1.88
05.11.2012 00:51:48.026,1.28337,1.28333,2.73,3.00
05.11.2012 00:51:48.212,1.28335,1.28328,2.25,3.90
05.11.2012 00:51:48.751,1.28336,1.28327,4.84,3.98
05.11.2012 00:51:53.769,1.28334,1.28327,2.48,3.23
05.11.2012 00:51:57.001,1.28333,1.28327,1.73,1.73
05.11.2012 00:52:00.302,1.28329,1.28325,1.73,1.50
05.11.2012 00:52:00.840,1.28329,1.28323,1.73,1.35
05.11.2012 00:52:09.004,1.28331,1.28323,1.73,2.10
05.11.2012 00:52:10.010,1.28333,1.28325,1.62,2.25
05.11.2012 00:52:10.403,1.28332,1.28325,1.84,2.48
05.11.2012 00:52:15.721,1.28331,1.28323,2.48,3.23
05.11.2012 00:52:22.680,1.28332,1.28325,1.79,1.50
05.11.2012 00:52:22.802,1.28332,1.28325,1.04,1.73
05.11.2012 00:53:14.280,1.28331,1.28323,3.29,1.35
05.11.2012 00:53:16.621,1.28327,1.28322,1.50,1.13
05.11.2012 00:53:16.981,1.28325,1.28318,1.73,1.35
05.11.2012 00:53:17.280,1.28325,1.28318,1.73,2.48
05.11.2012 00:53:18.181,1.28323,1.28317,1.73,1.35
05.11.2012 00:53:25.591,1.28325,1.28317,1.73,1.73
05.11.2012 00:53:29.982,1.28326,1.28319,2.48,3.23
05.11.2012 00:53:30.341,1.28332,1.28325,1.73,1.50
05.11.2012 00:53:30.520,1.28333,1.28325,1.73,1.73
05.11.2012 00:53:30.641,1.28333,1.28325,1.73,2.48
05.11.2012 00:53:30.701,1.28332,1.28325,1.73,1.50
05.11.2012 00:53:30.762,1.28334,1.28325,7.19,2.48
05.11.2012 00:54:38.081,1.28334,1.28329,3.00,1.50
05.11.2012 00:54:38.264,1.28335,1.28330,1.50,1.73
05.11.2012 00:54:38.452,1.28337,1.28330,2.25,2.48
05.11.2012 00:54:38.750,1.28340,1.28334,1.13,5.33
05.11.2012 00:54:39.480,1.28343,1.28334,2.54,5.33
05.11.2012 00:54:40.110,1.28344,1.28337,1.73,2.48
05.11.2012 00:54:41.941,1.28346,1.28338,4.35,2.48
05.11.2012 00:54:48.121,1.28348,1.28341,2.85,2.48
05.11.2012 00:54:48.670,1.28348,1.28341,2.10,2.48
05.11.2012 00:54:49.210,1.28348,1.28341,1.73,2.48
05.11.2012 00:54:50.054,1.28347,1.28340,2.25,2.25
05.11.2012 00:54:50.122,1.28346,1.28340,1.50,2.25
05.11.2012 00:54:50.186,1.28345,1.28340,1.50,2.25
05.11.2012 00:54:50.431,1.28343,1.28336,1.50,1.13
05.11.2012 00:54:54.201,1.28342,1.28335,1.50,2.25
05.11.2012 00:54:58.340,1.28342,1.28335,1.50,2.25
05.11.2012 00:54:59.961,1.28342,1.28335,1.50,2.25
05.11.2012 00:55:00.082,1.28342,1.28335,1.73,1.50
05.11.2012 00:55:00.206,1.28339,1.28333,1.20,3.98
05.11.2012 00:55:00.453,1.28338,1.28333,1.73,1.50
05.11.2012 00:55:00.762,1.28336,1.28324,13.53,2.13
05.11.2012 00:55:00.833,1.28334,1.28329,2.25,2.40
05.11.2012 00:55:00.904,1.28331,1.28318,11.05,2.93
05.11.2012 00:55:00.986,1.28327,1.28322,2.63,2.78
05.11.2012 00:55:01.112,1.28329,1.28320,1.73,2.10
05.11.2012 00:55:01.231,1.28331,1.28325,7.83,1.73
05.11.2012 00:55:01.773,1.28327,1.28321,1.04,2.10
05.11.2012 00:55:02.023,1.28323,1.28316,8.70,1.88
05.11.2012 00:55:02.154,1.28317,1.28305,2.48,1.50
05.11.2012 00:55:02.343,1.28315,1.28307,1.73,1.73
05.11.2012 00:55:02.903,1.28317,1.28310,1.50,3.00
05.11.2012 00:55:03.022,1.28319,1.28314,1.13,8.25
05.11.2012 00:55:03.521,1.28320,1.28312,1.04,2.48
05.11.2012 00:55:03.998,1.28320,1.28314,1.04,1.50
05.11.2012 00:55:04.301,1.28315,1.28309,2.48,3.00
05.11.2012 00:55:04.421,1.28315,1.28308,3.23,2.25
05.11.2012 00:55:04.601,1.28317,1.28310,2.48,1.73
05.11.2012 00:55:04.782,1.28320,1.28312,2.69,2.48
05.11.2012 00:55:04.841,1.28320,1.28312,2.17,2.48
05.11.2012 00:55:05.751,1.28322,1.28314,2.48,3.23
05.11.2012 00:55:06.412,1.28322,1.28316,2.25,1.50
05.11.2012 00:55:06.472,1.28324,1.28317,1.50,2.25
05.11.2012 00:55:06.951,1.28328,1.28319,4.04,2.48
05.11.2012 00:55:07.251,1.28327,1.28319,2.48,2.48
05.11.2012 00:55:08.051,1.28326,1.28318,2.48,3.98
05.11.2012 00:55:08.591,1.28326,1.28318,1.73,3.98
05.11.2012 00:55:08.951,1.28328,1.28321,1.50,1.50
05.11.2012 00:55:09.070,1.28330,1.28323,1.79,1.50
05.11.2012 00:55:09.431,1.28331,1.28323,1.42,2.48
05.11.2012 00:55:12.001,1.28333,1.28326,2.54,2.10
05.11.2012 00:55:14.431,1.28333,1.28326,1.04,3.23
05.11.2012 00:55:14.941,1.28333,1.28326,1.57,3.23
05.11.2012 00:55:15.651,1.28334,1.28327,3.23,1.73
05.11.2012 00:55:16.031,1.28334,1.28327,3.00,1.73
05.11.2012 00:55:16.104,1.28336,1.28328,1.04,1.73
05.11.2012 00:55:16.351,1.28338,1.28330,5.27,3.23
05.11.2012 00:55:16.531,1.28338,1.28332,3.48,1.13
05.11.2012 00:55:16.651,1.28342,1.28335,1.04,1.73
05.11.2012 00:55:17.181,1.28341,1.28334,2.48,1.13
05.11.2012 00:55:17.300,1.28338,1.28332,1.79,2.25
05.11.2012 00:55:17.600,1.28338,1.28331,1.79,3.98
05.11.2012 00:55:19.470,1.28338,1.28332,1.79,1.50
05.11.2012 00:55:20.161,1.28337,1.28331,1.73,1.35
05.11.2012 00:55:20.342,1.28335,1.28329,2.25,1.50
05.11.2012 00:55:20.402,1.28336,1.28330,2.25,1.50
05.11.2012 00:55:20.581,1.28338,1.28331,1.04,2.48
05.11.2012 00:55:21.002,1.28340,1.28333,3.29,1.73
05.11.2012 00:55:21.534,1.28338,1.28333,1.04,1.50
05.11.2012 00:55:22.410,1.28340,1.28331,3.29,4.73
05.11.2012 00:55:24.272,1.28337,1.28332,2.54,2.25
05.11.2012 00:55:24.334,1.28337,1.28329,2.48,1.50
05.11.2012 00:55:24.461,1.28336,1.28329,1.73,1.50
05.11.2012 00:55:24.581,1.28337,1.28330,1.73,1.73
05.11.2012 00:55:24.701,1.28337,1.28330,1.50,3.83
05.11.2012 00:55:25.322,1.28337,1.28331,1.50,1.13
05.11.2012 00:55:25.383,1.28337,1.28331,1.73,1.35
05.11.2012 00:55:30.091,1.28339,1.28333,1.04,1.50
05.11.2012 00:55:37.991,1.28339,1.28331,1.04,2.10
05.11.2012 00:55:43.382,1.28340,1.28332,2.32,3.98
05.11.2012 00:55:55.352,1.28338,1.28331,1.04,1.73
05.11.2012 00:55:55.592,1.28338,1.28332,1.57,1.73
05.11.2012 00:55:58.252,1.28336,1.28330,1.04,1.73
05.11.2012 00:55:58.314,1.28336,1.28329,1.04,3.23
05.11.2012 00:55:58.442,1.28335,1.28327,2.48,1.35
05.11.2012 00:55:58.981,1.28334,1.28327,1.73,1.35
05.11.2012 00:55:59.552,1.28334,1.28327,1.73,1.35
05.11.2012 00:56:00.071,1.28335,1.28327,2.48,2.10
05.11.2012 00:56:00.251,1.28335,1.28328,1.73,2.33
05.11.2012 00:56:00.611,1.28337,1.28328,1.73,4.58
05.11.2012 00:56:00.971,1.28334,1.28328,1.50,3.60
05.11.2012 00:56:01.461,1.28336,1.28328,2.10,2.48
05.11.2012 00:56:01.641,1.28337,1.28329,2.85,1.73
05.11.2012 00:56:31.463,1.28338,1.28331,1.73,1.73
05.11.2012 00:56:33.181,1.28337,1.28331,1.50,1.73
05.11.2012 00:56:33.541,1.28334,1.28326,2.48,1.73
05.11.2012 00:56:33.721,1.28333,1.28325,1.73,3.23
05.11.2012 00:56:34.023,1.28334,1.28325,1.50,3.23
05.11.2012 00:56:34.871,1.28334,1.28325,3.60,2.48
05.11.2012 00:56:35.050,1.28334,1.28325,2.10,3.00
05.11.2012 00:56:35.590,1.28334,1.28325,1.88,3.23
05.11.2012 00:56:35.650,1.28334,1.28325,2.85,3.23
05.11.2012 00:56:36.010,1.28334,1.28325,1.88,2.48
05.11.2012 00:56:36.264,1.28334,1.28325,2.85,2.48
05.11.2012 00:56:36.552,1.28334,1.28325,1.88,2.48
05.11.2012 00:56:37.741,1.28334,1.28325,2.85,2.48
05.11.2012 00:56:49.161,1.28332,1.28325,1.35,2.48
05.11.2012 00:56:49.581,1.28334,1.28325,2.63,2.48
05.11.2012 00:56:52.200,1.28332,1.28325,1.35,3.23
05.11.2012 00:56:52.514,1.28334,1.28325,2.63,3.23
05.11.2012 00:56:53.611,1.28332,1.28325,1.35,1.73
05.11.2012 00:56:57.961,1.28334,1.28325,1.94,2.48
05.11.2012 00:57:00.532,1.28334,1.28327,2.17,1.73
05.11.2012 00:57:01.043,1.28334,1.28327,2.32,1.73
05.11.2012 00:57:09.481,1.28333,1.28325,2.48,1.73
05.11.2012 00:57:15.220,1.28334,1.28327,2.48,1.73
05.11.2012 00:57:15.413,1.28334,1.28330,1.88,2.10
05.11.2012 00:57:15.663,1.28336,1.28332,1.50,1.35
05.11.2012 00:57:15.781,1.28338,1.28333,1.13,1.73
05.11.2012 00:57:16.081,1.28341,1.28333,1.79,1.73
05.11.2012 00:57:21.160,1.28340,1.28332,1.79,1.35
05.11.2012 00:57:21.221,1.28340,1.28332,2.54,1.35
05.11.2012 00:57:23.101,1.28339,1.28331,1.73,4.58
05.11.2012 00:57:25.291,1.28339,1.28331,1.73,3.83
05.11.2012 00:57:29.640,1.28338,1.28331,1.04,1.73
05.11.2012 00:57:29.761,1.28338,1.28331,1.04,1.73
05.11.2012 00:57:30.001,1.28339,1.28332,1.35,1.73
05.11.2012 00:57:30.520,1.28340,1.28333,1.42,1.73
05.11.2012 00:57:31.430,1.28340,1.28333,1.79,1.73
05.11.2012 00:57:31.551,1.28337,1.28331,1.50,1.73
05.11.2012 00:57:32.100,1.28337,1.28329,1.73,1.73
05.11.2012 00:57:45.710,1.28339,1.28329,2.25,2.85
05.11.2012 00:58:00.591,1.28338,1.28331,1.73,1.73
05.11.2012 00:58:01.131,1.28340,1.28333,2.54,1.73
05.11.2012 00:58:02.531,1.28340,1.28333,1.73,2.48
05.11.2012 00:58:02.771,1.28342,1.28335,2.63,1.73
05.11.2012 00:58:07.980,1.28342,1.28335,2.48,1.73
05.11.2012 00:58:10.330,1.28342,1.28335,2.48,1.73
05.11.2012 00:58:15.521,1.28344,1.28337,1.73,1.73
05.11.2012 00:58:16.061,1.28345,1.28337,5.73,1.73
05.11.2012 00:58:16.622,1.28345,1.28337,4.98,1.73
05.11.2012 00:58:18.331,1.28344,1.28337,1.50,1.73
05.11.2012 00:58:22.531,1.28345,1.28337,3.00,1.73
05.11.2012 00:58:23.433,1.28345,1.28339,1.50,2.48
05.11.2012 00:58:23.551,1.28347,1.28339,2.10,1.73
05.11.2012 00:58:23.731,1.28347,1.28339,1.35,2.48
05.11.2012 00:58:25.561,1.28347,1.28339,2.54,1.88
05.11.2012 00:58:26.128,1.28345,1.28338,1.73,1.73
05.11.2012 00:58:27.260,1.28345,1.28338,1.73,2.48
05.11.2012 00:58:27.501,1.28347,1.28340,1.73,1.73
05.11.2012 00:58:54.231,1.28346,1.28341,2.48,1.73
05.11.2012 00:58:54.362,1.28346,1.28338,4.46,2.25
05.11.2012 00:58:54.601,1.28346,1.28338,2.48,2.00
05.11.2012 00:58:54.782,1.28346,1.28339,2.48,2.10
05.11.2012 00:59:12.461,1.28347,1.28339,1.73,3.23
05.11.2012 00:59:12.641,1.28346,1.28339,2.48,1.35
05.11.2012 00:59:13.061,1.28345,1.28336,2.54,2.10
05.11.2012 00:59:22.721,1.28344,1.28337,1.73,1.13
05.11.2012 00:59:22.782,1.28346,1.28338,3.00,1.88
05.11.2012 00:59:22.843,1.28346,1.28339,1.73,1.73
05.11.2012 00:59:23.201,1.28349,1.28342,3.23,1.73
05.11.2012 00:59:23.273,1.28349,1.28342,3.29,1.73
05.11.2012 00:59:28.091,1.28351,1.28341,4.04,1.73
05.11.2012 00:59:32.071,1.28351,1.28341,2.54,1.73
05.11.2012 00:59:32.431,1.28349,1.28341,1.04,1.73
05.11.2012 00:59:46.523,1.28345,1.28340,1.50,1.50
05.11.2012 00:59:46.702,1.28343,1.28336,1.73,1.73
05.11.2012 00:59:48.482,1.28343,1.28336,1.35,1.73
05.11.2012 00:59:50.881,1.28345,1.28338,4.13,1.50
05.11.2012 00:59:51.181,1.28346,1.28339,1.35,2.48
05.11.2012 00:59:53.911,1.28345,1.28337,2.85,2.25
05.11.2012 00:59:56.206,1.28345,1.28338,2.10,1.50
05.11.2012 00:59:56.451,1.28346,1.28337,1.58,3.23
05.11.2012 01:00:00.334,1.28347,1.28339,3.60,2.48
05.11.2012 01:00:01.591,1.28349,1.28341,2.10,1.73
05.11.2012 01:00:01.672,1.28349,1.28342,1.35,1.73
05.11.2012 01:00:02.156,1.28347,1.28342,1.04,1.50
05.11.2012 01:00:02.402,1.28342,1.28336,1.73,1.73
05.11.2012 01:00:02.964,1.28340,1.28333,1.50,1.78
05.11.2012 01:00:03.032,1.28342,1.28335,1.73,1.65
05.11.2012 01:00:03.092,1.28342,1.28334,2.48,1.18
05.11.2012 01:00:03.452,1.28336,1.28330,2.25,4.28
05.11.2012 01:00:03.571,1.28338,1.28330,2.48,4.65
05.11.2012 01:00:03.693,1.28340,1.28331,3.00,2.00
05.11.2012 01:00:04.231,1.28339,1.28332,1.50,1.63
05.11.2012 01:00:04.534,1.28338,1.28331,2.25,1.25
05.11.2012 01:00:05.055,1.28338,1.28331,1.50,1.25
05.11.2012 01:00:05.182,1.28339,1.28332,1.73,1.73
05.11.2012 01:00:05.722,1.28339,1.28331,1.73,1.25
05.11.2012 01:00:06.022,1.28336,1.28330,1.04,2.48
05.11.2012 01:00:06.082,1.28335,1.28328,2.25,1.73
05.11.2012 01:00:06.260,1.28333,1.28327,1.73,1.05
05.11.2012 01:00:06.773,1.28333,1.28326,2.48,1.73
05.11.2012 01:00:07.173,1.28332,1.28324,1.50,1.73
05.11.2012 01:00:07.235,1.28332,1.28324,3.98,1.73
05.11.2012 01:00:07.556,1.28327,1.28322,1.73,1.73
05.11.2012 01:00:08.101,1.28327,1.28320,1.73,1.65
05.11.2012 01:00:08.658,1.28326,1.28318,1.73,3.90
05.11.2012 01:00:09.324,1.28329,1.28320,2.48,3.23
05.11.2012 01:00:09.626,1.28329,1.28320,2.48,3.50
05.11.2012 01:00:11.461,1.28329,1.28321,1.73,1.73
05.11.2012 01:00:13.321,1.28330,1.28322,4.04,1.73
05.11.2012 01:00:13.861,1.28332,1.28324,2.25,3.23
05.11.2012 01:00:13.922,1.28332,1.28324,1.73,3.23
05.11.2012 01:00:17.210,1.28334,1.28326,1.35,2.48
05.11.2012 01:00:24.861,1.28335,1.28329,1.73,1.73
05.11.2012 01:00:25.162,1.28333,1.28328,1.50,1.73
05.11.2012 01:00:25.521,1.28331,1.28325,1.88,1.21
05.11.2012 01:00:25.583,1.28331,1.28324,1.35,1.73
05.11.2012 01:00:30.641,1.28331,1.28324,1.73,2.48
05.11.2012 01:00:31.355,1.28331,1.28324,3.29,1.73
05.11.2012 01:00:31.601,1.28330,1.28321,2.48,3.98
05.11.2012 01:00:34.101,1.28330,1.28321,2.48,3.50
05.11.2012 01:00:35.301,1.28330,1.28321,2.48,2.75
05.11.2012 01:00:42.843,1.28330,1.28321,2.48,3.50
05.11.2012 01:00:43.422,1.28331,1.28325,1.73,2.25
05.11.2012 01:00:43.482,1.28332,1.28326,1.73,1.73
05.11.2012 01:00:43.842,1.28335,1.28327,3.60,1.35
05.11.2012 01:00:44.143,1.28336,1.28329,1.50,2.48
05.11.2012 01:00:44.203,1.28338,1.28330,3.23,1.73
05.11.2012 01:00:52.333,1.28338,1.28331,1.73,1.73
05.11.2012 01:00:53.492,1.28337,1.28329,2.48,1.73
05.11.2012 01:00:53.551,1.28336,1.28329,1.50,1.73
05.11.2012 01:00:53.672,1.28333,1.28326,3.00,1.73
05.11.2012 01:00:53.792,1.28332,1.28325,1.73,1.73
05.11.2012 01:00:54.403,1.28331,1.28325,2.25,1.73
05.11.2012 01:00:55.093,1.28329,1.28322,1.73,1.73
05.11.2012 01:01:03.371,1.28329,1.28321,1.73,3.30
05.11.2012 01:01:09.972,1.28329,1.28322,1.73,1.73
05.11.2012 01:01:47.272,1.28333,1.28328,1.35,2.25
05.11.2012 01:01:47.395,1.28334,1.28328,1.58,2.25
05.11.2012 01:01:47.461,1.28333,1.28327,2.48,3.83
05.11.2012 01:01:48.002,1.28336,1.28328,3.00,2.48
05.11.2012 01:01:48.541,1.28339,1.28333,1.28,2.25
05.11.2012 01:01:48.780,1.28339,1.28333,3.00,2.25
05.11.2012 01:01:48.840,1.28340,1.28333,2.48,2.25
05.11.2012 01:01:58.852,1.28340,1.28332,3.98,2.48
05.11.2012 01:02:00.451,1.28340,1.28332,3.98,2.48
05.11.2012 01:02:13.601,1.28340,1.28333,2.48,1.50
05.11.2012 01:02:15.354,1.28340,1.28333,2.48,1.50
05.11.2012 01:02:17.611,1.28341,1.28335,1.73,1.73
05.11.2012 01:02:18.221,1.28343,1.28337,5.96,1.50
05.11.2012 01:02:27.051,1.28343,1.28337,5.96,1.50
05.11.2012 01:02:30.445,1.28342,1.28335,2.48,1.73
05.11.2012 01:02:30.632,1.28340,1.28332,3.82,1.50
05.11.2012 01:02:30.871,1.28337,1.28331,1.73,1.50
05.11.2012 01:02:37.742,1.28337,1.28328,3.23,1.73
05.11.2012 01:02:37.805,1.28335,1.28327,2.25,1.73
05.11.2012 01:02:38.051,1.28337,1.28329,3.48,1.73
05.11.2012 01:02:38.559,1.28339,1.28331,2.93,2.48
05.11.2012 01:02:39.100,1.28340,1.28334,3.23,1.50
05.11.2012 01:02:43.903,1.28340,1.28334,1.73,1.50
05.11.2012 01:03:02.289,1.28339,1.28332,3.23,1.73
05.11.2012 01:03:02.426,1.28339,1.28331,3.23,2.85
05.11.2012 01:03:04.881,1.28339,1.28331,3.23,2.85
05.11.2012 01:03:09.661,1.28339,1.28332,3.00,1.50
05.11.2012 01:03:11.432,1.28340,1.28332,3.98,2.10
05.11.2012 01:03:12.882,1.28336,1.28328,2.33,3.23
05.11.2012 01:03:12.955,1.28336,1.28328,3.14,3.23
05.11.2012 01:03:13.023,1.28335,1.28328,2.48,2.48
05.11.2012 01:03:13.143,1.28334,1.28326,1.04,1.50
05.11.2012 01:03:13.502,1.28332,1.28324,2.78,2.85
05.11.2012 01:03:34.661,1.28332,1.28323,2.48,3.23
05.11.2012 01:03:34.901,1.28332,1.28324,2.03,1.73
05.11.2012 01:03:34.961,1.28332,1.28325,1.50,1.73
05.11.2012 01:03:36.811,1.28332,1.28324,1.73,1.73
05.11.2012 01:03:38.002,1.28328,1.28324,1.05,1.50
05.11.2012 01:03:38.423,1.28327,1.28318,2.48,3.60
05.11.2012 01:03:38.781,1.28327,1.28321,2.48,1.50
05.11.2012 01:03:39.753,1.28329,1.28323,4.73,1.73
05.11.2012 01:03:40.732,1.28328,1.28320,1.73,2.48
05.11.2012 01:03:40.853,1.28327,1.28320,1.79,1.73
05.11.2012 01:03:40.913,1.28324,1.28318,2.48,1.50
05.11.2012 01:03:41.273,1.28322,1.28315,2.03,1.73
05.11.2012 01:03:41.332,1.28322,1.28313,2.78,3.98
05.11.2012 01:03:41.513,1.28319,1.28313,1.28,1.73
05.11.2012 01:03:41.872,1.28318,1.28311,1.50,1.50
05.11.2012 01:03:41.933,1.28319,1.28311,1.73,2.48
05.11.2012 01:03:42.471,1.28320,1.28313,2.03,1.73
05.11.2012 01:03:47.513,1.28322,1.28314,1.50,2.25
05.11.2012 01:03:47.632,1.28323,1.28314,5.48,3.00
05.11.2012 01:03:48.195,1.28323,1.28315,3.75,1.50
05.11.2012 01:03:51.763,1.28323,1.28315,3.38,1.50
05.11.2012 01:03:52.301,1.28321,1.28314,1.50,2.25
05.11.2012 01:03:52.824,1.28321,1.28314,1.50,2.25
05.11.2012 01:03:53.812,1.28316,1.28312,1.50,1.78
05.11.2012 01:03:53.933,1.28315,1.28310,2.25,1.25
05.11.2012 01:03:54.052,1.28314,1.28308,3.00,1.50
05.11.2012 01:03:54.113,1.28313,1.28306,1.73,1.50
05.11.2012 01:03:54.232,1.28311,1.28303,1.73,3.13
05.11.2012 01:03:54.476,1.28311,1.28303,1.73,3.60
05.11.2012 01:04:02.272,1.28311,1.28305,1.50,1.50
05.11.2012 01:04:02.332,1.28313,1.28304,3.38,1.73
05.11.2012 01:04:04.475,1.28312,1.28305,1.73,1.73
05.11.2012 01:04:11.771,1.28313,1.28305,3.00,1.73
05.11.2012 01:04:12.290,1.28313,1.28305,3.00,1.73
05.11.2012 01:04:13.311,1.28313,1.28304,3.15,3.60
05.11.2012 01:04:14.451,1.28313,1.28305,3.53,1.50
05.11.2012 01:04:21.902,1.28315,1.28309,1.43,1.50
05.11.2012 01:04:21.962,1.28316,1.28309,4.50,1.50
05.11.2012 01:04:22.202,1.28316,1.28309,2.25,3.00
05.11.2012 01:04:22.382,1.28317,1.28312,1.73,1.73
05.11.2012 01:04:22.501,1.28319,1.28314,3.00,1.73
05.11.2012 01:04:22.622,1.28319,1.28316,2.10,1.50
05.11.2012 01:04:23.123,1.28323,1.28315,3.00,2.48
05.11.2012 01:04:23.302,1.28323,1.28315,3.23,2.48
05.11.2012 01:04:25.942,1.28323,1.28315,3.23,3.23
05.11.2012 01:04:26.372,1.28321,1.28314,1.73,2.63
05.11.2012 01:04:26.612,1.28320,1.28312,3.23,1.73
05.11.2012 01:04:30.792,1.28321,1.28312,2.48,3.23
05.11.2012 01:04:32.568,1.28315,1.28311,1.50,1.50
05.11.2012 01:04:32.710,1.28317,1.28311,2.73,3.23
05.11.2012 01:04:32.775,1.28317,1.28311,4.23,3.23
05.11.2012 01:04:32.844,1.28317,1.28311,2.73,3.23
05.11.2012 01:04:33.205,1.28321,1.28313,3.71,3.00
05.11.2012 01:04:33.511,1.28322,1.28314,1.73,1.73
05.11.2012 01:04:35.181,1.28321,1.28313,2.48,2.48
05.11.2012 01:04:35.682,1.28321,1.28313,2.48,2.25
05.11.2012 01:04:36.221,1.28321,1.28313,2.48,2.48
05.11.2012 01:04:37.212,1.28321,1.28313,3.23,1.50
05.11.2012 01:04:38.253,1.28317,1.28312,1.73,1.35
05.11.2012 01:04:38.611,1.28317,1.28310,1.73,1.73
05.11.2012 01:04:38.733,1.28317,1.28310,1.73,1.73
05.11.2012 01:04:38.972,1.28313,1.28306,3.23,1.50
05.11.2012 01:04:39.461,1.28313,1.28306,3.98,1.50
05.11.2012 01:04:49.452,1.28312,1.28305,1.50,1.73
05.11.2012 01:04:49.991,1.28312,1.28305,1.50,3.23
05.11.2012 01:04:50.051,1.28313,1.28307,1.73,1.50
05.11.2012 01:04:50.591,1.28313,1.28306,3.23,1.50
05.11.2012 01:04:51.701,1.28313,1.28306,3.98,1.50
05.11.2012 01:04:56.181,1.28312,1.28304,1.50,3.98
05.11.2012 01:04:59.032,1.28313,1.28306,4.35,1.50
05.11.2012 01:05:00.593,1.28313,1.28306,3.98,1.50
05.11.2012 01:05:01.142,1.28313,1.28306,3.23,1.50
05.11.2012 01:05:01.911,1.28313,1.28306,3.00,1.50
05.11.2012 01:05:02.452,1.28313,1.28308,1.50,2.25
05.11.2012 01:05:02.572,1.28316,1.28310,1.35,1.73
05.11.2012 01:05:02.694,1.28317,1.28310,1.50,1.73
05.11.2012 01:05:03.053,1.28318,1.28312,1.50,1.73
05.11.2012 01:05:03.111,1.28320,1.28314,2.10,1.73
05.11.2012 01:05:03.661,1.28320,1.28314,1.73,1.73
05.11.2012 01:05:08.811,1.28319,1.28312,1.73,1.50
05.11.2012 01:05:24.023,1.28319,1.28312,3.23,1.50
05.11.2012 01:05:24.142,1.28318,1.28312,1.35,1.50
05.11.2012 01:05:24.441,1.28315,1.28308,1.73,3.23
05.11.2012 01:06:03.313,1.28315,1.28310,1.35,2.48
05.11.2012 01:06:03.552,1.28317,1.28310,1.50,2.48
05.11.2012 01:06:03.799,1.28313,1.28306,2.25,3.00
05.11.2012 01:06:04.046,1.28310,1.28304,1.73,1.50
05.11.2012 01:06:04.642,1.28309,1.28302,1.73,2.48
05.11.2012 01:06:05.581,1.28310,1.28302,2.85,1.73
05.11.2012 01:06:06.733,1.28307,1.28302,1.50,1.73
05.11.2012 01:06:07.035,1.28303,1.28294,3.00,2.25
05.11.2012 01:06:07.488,1.28300,1.28290,4.58,1.03
05.11.2012 01:06:07.561,1.28297,1.28290,1.73,2.25
05.11.2012 01:06:07.814,1.28298,1.28291,1.73,2.48
05.11.2012 01:06:20.481,1.28298,1.28290,3.29,1.73
05.11.2012 01:06:23.352,1.28297,1.28290,2.48,1.73
05.11.2012 01:06:31.666,1.28295,1.28289,2.48,1.73
05.11.2012 01:06:31.912,1.28295,1.28288,3.23,1.73
05.11.2012 01:06:32.032,1.28295,1.28289,1.73,1.50
05.11.2012 01:06:32.283,1.28296,1.28289,1.73,1.73
05.11.2012 01:06:33.492,1.28297,1.28290,2.54,1.50
05.11.2012 01:06:33.613,1.28297,1.28291,1.50,1.73
05.11.2012 01:06:34.152,1.28299,1.28291,1.73,3.23
05.11.2012 01:06:36.103,1.28300,1.28293,2.48,2.48
05.11.2012 01:06:36.439,1.28303,1.28296,2.85,1.73
05.11.2012 01:06:36.981,1.28303,1.28296,1.35,2.48
05.11.2012 01:06:44.082,1.28304,1.28297,1.35,2.48
05.11.2012 01:06:45.692,1.28305,1.28297,3.98,1.73
05.11.2012 01:06:47.621,1.28305,1.28297,3.23,2.48
05.11.2012 01:06:53.501,1.28305,1.28296,4.35,3.23
05.11.2012 01:06:54.042,1.28304,1.28296,2.10,2.48
05.11.2012 01:06:54.543,1.28304,1.28296,2.10,2.48
05.11.2012 01:06:55.932,1.28304,1.28299,2.10,7.73
05.11.2012 01:07:02.261,1.28303,1.28299,1.73,7.73
05.11.2012 01:07:17.063,1.28303,1.28298,1.73,7.73
05.11.2012 01:07:25.763,1.28306,1.28301,1.50,7.50
05.11.2012 01:07:25.883,1.28307,1.28303,1.13,7.50
05.11.2012 01:07:26.062,1.28309,1.28305,2.10,7.50
05.11.2012 01:07:26.241,1.28312,1.28304,2.85,3.23
05.11.2012 01:07:46.752,1.28311,1.28303,2.48,1.50
05.11.2012 01:07:47.052,1.28309,1.28302,2.48,1.73
05.11.2012 01:07:47.591,1.28310,1.28302,1.73,2.48
05.11.2012 01:07:48.131,1.28309,1.28302,1.73,1.73
05.11.2012 01:08:01.273,1.28307,1.28300,3.23,3.98
05.11.2012 01:08:01.839,1.28307,1.28301,1.50,1.73
05.11.2012 01:08:07.573,1.28309,1.28301,2.48,2.48
05.11.2012 01:08:14.712,1.28309,1.28302,1.73,1.73
05.11.2012 01:08:21.438,1.28309,1.28302,1.73,2.48
05.11.2012 01:08:31.401,1.28309,1.28301,1.73,2.48
05.11.2012 01:08:35.471,1.28310,1.28301,1.79,3.98
05.11.2012 01:08:41.601,1.28310,1.28302,1.79,1.73
05.11.2012 01:08:44.631,1.28310,1.28302,1.73,2.48
05.11.2012 01:08:44.815,1.28311,1.28303,1.50,1.73
05.11.2012 01:08:44.944,1.28312,1.28305,2.10,3.23
05.11.2012 01:08:45.132,1.28314,1.28309,3.15,1.73
05.11.2012 01:08:45.493,1.28317,1.28312,5.78,1.73
05.11.2012 01:08:45.612,1.28316,1.28311,2.70,2.48
05.11.2012 01:08:45.731,1.28319,1.28312,2.48,1.73
05.11.2012 01:08:46.034,1.28321,1.28313,1.73,1.73
05.11.2012 01:08:46.571,1.28322,1.28314,2.48,1.73
05.11.2012 01:08:47.231,1.28319,1.28311,2.48,1.73
05.11.2012 01:08:47.652,1.28320,1.28312,1.73,1.73
05.11.2012 01:08:48.159,1.28320,1.28312,1.73,1.73
05.11.2012 01:08:51.892,1.28321,1.28312,2.48,1.73
05.11.2012 01:08:59.273,1.28319,1.28313,1.73,1.73
05.11.2012 01:08:59.694,1.28320,1.28313,2.10,1.73
05.11.2012 01:08:59.770,1.28319,1.28311,1.73,1.73
05.11.2012 01:09:00.323,1.28317,1.28310,1.73,1.73
05.11.2012 01:09:00.983,1.28315,1.28308,1.73,1.50
05.11.2012 01:09:01.643,1.28317,1.28308,1.50,2.25
05.11.2012 01:09:01.823,1.28317,1.28308,1.73,2.48
05.11.2012 01:09:02.347,1.28317,1.28309,1.73,1.73
05.11.2012 01:09:07.932,1.28318,1.28310,1.50,2.25
05.11.2012 01:09:08.053,1.28319,1.28311,6.93,1.73
05.11.2012 01:09:08.592,1.28319,1.28312,2.48,1.88
05.11.2012 01:09:34.582,1.28318,1.28310,1.73,2.48
05.11.2012 01:09:34.822,1.28317,1.28310,3.23,1.73
05.11.2012 01:09:35.124,1.28314,1.28306,1.73,2.85
